Local time	Ask	Bid	AskVolume	BidVolume
01.01.2010 00:00:00.721 GMT+0300	1.61625	1.616	1	1
01.01.2010 00:00:01.002 GMT+0300	1.61635	1.61605	1	1
01.01.2010 00:00:05.310 GMT+0300	1.6163	1.61605	1	1
01.01.2010 00:00:11.099 GMT+0300	1.61635	1.61605	1	1
01.01.2010 00:01:06.776 GMT+0300	1.61635	1.61605	1	1
01.01.2010 00:01:06.835 GMT+0300	1.6163	1.616	1	1
01.01.2010 00:01:07.005 GMT+0300	1.6163	1.6158	1	1.3
01.01.2010 00:01:07.065 GMT+0300	1.61605	1.6158	1	1
01.01.2010 00:01:07.125 GMT+0300	1.61605	1.6158	1	1
01.01.2010 00:01:07.345 GMT+0300	1.61605	1.61575	1	1
01.01.2010 00:01:10.095 GMT+0300	1.61595	1.6157	1	1
01.01.2010 00:01:10.785 GMT+0300	1.61595	1.61555	1	1
01.01.2010 00:01:26.371 GMT+0300	1.61595	1.6156	1	1
01.01.2010 00:01:27.230 GMT+0300	1.61595	1.61565	1	1
01.01.2010 00:01:28.240 GMT+0300	1.61595	1.61575	1	1
01.01.2010 00:01:31.550 GMT+0300	1.61595	1.6157	1	1
01.01.2010 00:01:33.509 GMT+0300	1.61595	1.61575	1	1
01.01.2010 00:02:05.841 GMT+0300	1.61595	1.6157	1	1
01.01.2010 00:02:30.625 GMT+0300	1.61595	1.6156	1.4	1
01.01.2010 00:02:47.952 GMT+0300	1.61595	1.61565	1.4	1
01.01.2010 00:02:48.282 GMT+0300	1.61595	1.6156	1.4	1
01.01.2010 00:03:00.919 GMT+0300	1.6158	1.61545	1	1
01.01.2010 00:03:01.389 GMT+0300	1.6158	1.61525	1	1
01.01.2010 00:03:01.738 GMT+0300	1.6158	1.61525	1.6	1
01.01.2010 00:03:02.128 GMT+0300	1.61575	1.61525	1	1
01.01.2010 00:03:05.328 GMT+0300	1.61575	1.6153	1	1
01.01.2010 00:03:07.387 GMT+0300	1.61575	1.61525	1	1
01.01.2010 00:03:09.476 GMT+0300	1.61575	1.6153	1	1
01.01.2010 00:03:11.356 GMT+0300	1.61575	1.6153	1	2.4
01.01.2010 00:03:11.526 GMT+0300	1.6158	1.6153	1	2.4
01.01.2010 00:03:12.356 GMT+0300	1.6158	1.61545	1	1
01.01.2010 00:03:13.286 GMT+0300	1.6158	1.6155	1	1
01.01.2010 00:03:13.636 GMT+0300	1.6158	1.61535	1	1
01.01.2010 00:03:13.935 GMT+0300	1.61575	1.61535	1	1
01.01.2010 00:03:15.945 GMT+0300	1.6155	1.61525	1	1
01.01.2010 00:03:19.244 GMT+0300	1.6154	1.61525	1	1
01.01.2010 00:03:19.544 GMT+0300	1.6154	1.61525	1	1
01.01.2010 00:03:27.262 GMT+0300	1.6156	1.61525	1	1
01.01.2010 00:03:28.062 GMT+0300	1.6156	1.6152	1	1
01.01.2010 00:03:28.332 GMT+0300	1.6156	1.61515	1	1
01.01.2010 00:03:36.290 GMT+0300	1.6156	1.61525	1	1
01.01.2010 00:03:37.170 GMT+0300	1.6156	1.6153	1	1
01.01.2010 00:03:37.880 GMT+0300	1.6156	1.6149	1	1
01.01.2010 00:03:38.289 GMT+0300	1.6156	1.6149	1	1
01.01.2010 00:03:44.258 GMT+0300	1.61535	1.6149	1.6	2.8
01.01.2010 00:03:44.588 GMT+0300	1.6153	1.6147	1.6	2.5
01.01.2010 00:03:44.878 GMT+0300	1.61535	1.6147	1.6	1.6
01.01.2010 00:03:45.118 GMT+0300	1.6153	1.61465	1.6	1.6
01.01.2010 00:03:45.408 GMT+0300	1.61525	1.61465	1	1
01.01.2010 00:03:49.907 GMT+0300	1.61525	1.6146	1.6	1
01.01.2010 00:03:50.377 GMT+0300	1.61525	1.61475	1.6	1.6
01.01.2010 00:03:50.607 GMT+0300	1.6154	1.6148	3.2	1
01.01.2010 00:03:50.787 GMT+0300	1.6154	1.6148	1	1
01.01.2010 00:03:51.307 GMT+0300	1.6154	1.615	1	1
01.01.2010 00:03:52.296 GMT+0300	1.6154	1.6151	1	1
01.01.2010 00:03:55.245 GMT+0300	1.6154	1.6147	1	1
01.01.2010 00:03:55.585 GMT+0300	1.61535	1.6146	1.6	1.6
01.01.2010 00:03:55.885 GMT+0300	1.6153	1.6146	1	1
01.01.2010 00:03:56.745 GMT+0300	1.61525	1.61465	1	1
01.01.2010 00:03:59.494 GMT+0300	1.61525	1.6146	1.6	1
01.01.2010 00:04:10.842 GMT+0300	1.61525	1.6146	2.4	1
01.01.2010 00:04:15.161 GMT+0300	1.61525	1.6146	1.6	1
01.01.2010 00:04:20.519 GMT+0300	1.61525	1.6146	2.4	1
01.01.2010 00:04:25.029 GMT+0300	1.61525	1.6146	1.6	1
01.01.2010 00:04:25.538 GMT+0300	1.61525	1.6146	2.4	1
01.01.2010 00:04:31.567 GMT+0300	1.61525	1.6148	1	1
01.01.2010 00:04:31.847 GMT+0300	1.6154	1.6148	1	1
01.01.2010 00:05:01.150 GMT+0300	1.6154	1.6148	1.6	1
01.01.2010 00:05:12.197 GMT+0300	1.6154	1.6148	1	1
01.01.2010 00:05:14.146 GMT+0300	1.6154	1.6149	1	1.6
01.01.2010 00:05:14.486 GMT+0300	1.6156	1.615	1.7	1
01.01.2010 00:05:16.306 GMT+0300	1.6156	1.615	1.7	1
01.01.2010 00:05:24.634 GMT+0300	1.6154	1.6148	1	1.6
01.01.2010 00:05:24.914 GMT+0300	1.6154	1.6148	1.6	1
01.01.2010 00:05:25.204 GMT+0300	1.61535	1.61475	1	1
01.01.2010 00:05:25.724 GMT+0300	1.61535	1.61475	1.6	1
01.01.2010 00:05:27.523 GMT+0300	1.61535	1.61475	1.7	1
01.01.2010 00:05:28.443 GMT+0300	1.61535	1.61475	1.6	1
01.01.2010 00:05:28.613 GMT+0300	1.61535	1.6148	1	1.6
01.01.2010 00:05:29.143 GMT+0300	1.6154	1.6148	1	2.4
01.01.2010 00:05:30.532 GMT+0300	1.6154	1.61495	1	1
01.01.2010 00:05:30.813 GMT+0300	1.61545	1.615	1.6	1
01.01.2010 00:05:31.083 GMT+0300	1.61545	1.615	1	1
01.01.2010 00:05:31.912 GMT+0300	1.61545	1.61495	1	1
01.01.2010 00:05:32.202 GMT+0300	1.61535	1.61495	1	1
01.01.2010 00:05:34.852 GMT+0300	1.6154	1.61495	1	1
01.01.2010 00:05:35.091 GMT+0300	1.6154	1.61495	1	1
01.01.2010 00:05:35.331 GMT+0300	1.6154	1.61495	1	3.3
01.01.2010 00:05:50.518 GMT+0300	1.6154	1.61495	1	3.2
01.01.2010 00:05:50.748 GMT+0300	1.6155	1.61495	1	3.3
01.01.2010 00:05:51.018 GMT+0300	1.61555	1.61495	1.7	3.3
01.01.2010 00:05:52.297 GMT+0300	1.6155	1.61495	1	3.3
01.01.2010 00:05:53.297 GMT+0300	1.6155	1.615	1	1
01.01.2010 00:05:54.057 GMT+0300	1.6153	1.615	1	1
01.01.2010 00:05:54.397 GMT+0300	1.6153	1.61495	1	2.5
01.01.2010 00:05:57.726 GMT+0300	1.61525	1.61495	1	1
01.01.2010 00:06:00.395 GMT+0300	1.61525	1.61495	1	1
01.01.2010 00:06:00.785 GMT+0300	1.61525	1.61475	1.4	1
01.01.2010 00:06:01.465 GMT+0300	1.61525	1.61475	1	1
01.01.2010 00:06:01.735 GMT+0300	1.61525	1.61475	1.4	1
01.01.2010 00:06:04.325 GMT+0300	1.61525	1.6148	1.4	1
01.01.2010 00:06:04.675 GMT+0300	1.6152	1.6148	1.6	1
01.01.2010 00:06:05.025 GMT+0300	1.61515	1.6148	1.4	1
01.01.2010 00:06:08.993 GMT+0300	1.61515	1.6148	1.4	1
01.01.2010 00:06:10.543 GMT+0300	1.61515	1.61485	1.4	1
01.01.2010 00:06:10.833 GMT+0300	1.61515	1.61475	1.4	1
01.01.2010 00:06:11.923 GMT+0300	1.61515	1.6148	1.4	1
01.01.2010 00:06:13.422 GMT+0300	1.61515	1.61485	1.4	1
01.01.2010 00:06:22.070 GMT+0300	1.61515	1.61485	1	1
01.01.2010 00:06:22.410 GMT+0300	1.61515	1.61485	1.4	1
01.01.2010 00:06:29.238 GMT+0300	1.61495	1.61485	1	1
01.01.2010 00:06:29.578 GMT+0300	1.61495	1.6148	1	1
01.01.2010 00:06:34.897 GMT+0300	1.615	1.6148	1.1	1
01.01.2010 00:06:35.317 GMT+0300	1.615	1.6148	1	1
01.01.2010 00:06:36.367 GMT+0300	1.615	1.61485	1	1
01.01.2010 00:06:42.945 GMT+0300	1.61495	1.61485	1	1
01.01.2010 00:06:43.695 GMT+0300	1.615	1.61485	1	1
01.01.2010 00:06:43.985 GMT+0300	1.61505	1.61485	1	1
01.01.2010 00:06:44.285 GMT+0300	1.61515	1.61485	1	1
01.01.2010 00:06:45.095 GMT+0300	1.61515	1.61485	1	1
01.01.2010 00:06:45.335 GMT+0300	1.61515	1.6149	1	1
01.01.2010 00:06:52.813 GMT+0300	1.61515	1.6149	1.6	1
01.01.2010 00:06:53.523 GMT+0300	1.61515	1.6149	1	1
01.01.2010 00:06:53.813 GMT+0300	1.6151	1.6149	1	1
01.01.2010 00:07:36.812 GMT+0300	1.6151	1.6149	1	1
01.01.2010 00:07:36.922 GMT+0300	1.6151	1.6149	1	1
01.01.2010 00:07:41.041 GMT+0300	1.61515	1.6149	2.5	1
01.01.2010 00:07:41.161 GMT+0300	1.61515	1.6149	2	1
01.01.2010 00:07:41.281 GMT+0300	1.6151	1.6149	1	1
01.01.2010 00:07:41.951 GMT+0300	1.61515	1.6149	1	1
01.01.2010 00:07:42.131 GMT+0300	1.61515	1.6149	1	1
01.01.2010 00:07:45.340 GMT+0300	1.6151	1.6149	1	1
01.01.2010 00:07:45.520 GMT+0300	1.6151	1.6149	1	1
01.01.2010 00:07:45.860 GMT+0300	1.61515	1.6149	1	1
01.01.2010 00:08:02.756 GMT+0300	1.6152	1.6149	1	1
01.01.2010 00:08:11.264 GMT+0300	1.61515	1.6149	1	1
01.01.2010 00:08:18.163 GMT+0300	1.6152	1.6149	1	1
01.01.2010 00:08:20.182 GMT+0300	1.61515	1.6149	1	1
01.01.2010 00:08:37.877 GMT+0300	1.6152	1.6149	1	1
01.01.2010 00:08:40.197 GMT+0300	1.6152	1.6149	1	1
01.01.2010 00:08:40.437 GMT+0300	1.6152	1.6149	1	1
01.01.2010 00:08:41.407 GMT+0300	1.61515	1.6149	1	1
01.01.2010 00:08:57.893 GMT+0300	1.6152	1.6149	1	1
01.01.2010 00:09:00.792 GMT+0300	1.6152	1.6149	1	1
01.01.2010 00:09:02.791 GMT+0300	1.61515	1.6149	1	1
01.01.2010 00:09:12.979 GMT+0300	1.61495	1.6149	1	1
01.01.2010 00:09:36.943 GMT+0300	1.6152	1.6149	1	1
01.01.2010 00:09:50.210 GMT+0300	1.61515	1.6149	1	1
01.01.2010 00:10:00.328 GMT+0300	1.6152	1.61485	1	1
01.01.2010 00:10:00.557 GMT+0300	1.61525	1.61485	1	1
01.01.2010 00:10:01.027 GMT+0300	1.61525	1.6148	1	3
01.01.2010 00:10:04.187 GMT+0300	1.61525	1.61485	1	1
01.01.2010 00:10:33.350 GMT+0300	1.61525	1.61485	1	1
01.01.2010 00:10:36.179 GMT+0300	1.61525	1.61485	1	1
01.01.2010 00:10:38.169 GMT+0300	1.61525	1.61485	1	1
01.01.2010 00:10:39.278 GMT+0300	1.61525	1.61485	1	1
01.01.2010 00:10:52.485 GMT+0300	1.61525	1.61485	1	1
01.01.2010 00:10:54.165 GMT+0300	1.61525	1.61485	1	1
01.01.2010 00:11:09.831 GMT+0300	1.61515	1.61485	1	1
01.01.2010 00:11:19.379 GMT+0300	1.61515	1.61495	1	1
01.01.2010 00:11:20.318 GMT+0300	1.61515	1.615	1	1
01.01.2010 00:11:53.110 GMT+0300	1.6152	1.615	1	1
01.01.2010 00:11:53.410 GMT+0300	1.61525	1.615	1	1
01.01.2010 00:12:17.315 GMT+0300	1.61525	1.61505	1	1
01.01.2010 00:13:17.660 GMT+0300	1.61525	1.615	1	1
01.01.2010 00:13:17.840 GMT+0300	1.6153	1.615	1	1
01.01.2010 00:13:18.020 GMT+0300	1.6153	1.6152	1	1
01.01.2010 00:13:18.190 GMT+0300	1.6154	1.6152	1	1
01.01.2010 00:13:35.636 GMT+0300	1.61545	1.6152	2.8	1
01.01.2010 00:13:35.756 GMT+0300	1.61545	1.6152	2.4	1.2
01.01.2010 00:13:38.175 GMT+0300	1.61545	1.6152	2.4	1.3
01.01.2010 00:13:38.535 GMT+0300	1.61545	1.6152	2.4	1.2
01.01.2010 00:13:40.495 GMT+0300	1.61545	1.6152	2.4	1.3
01.01.2010 00:14:02.799 GMT+0300	1.61535	1.6152	1	1.3
01.01.2010 00:14:20.565 GMT+0300	1.61545	1.6152	2.4	1.3
01.01.2010 00:14:28.603 GMT+0300	1.61545	1.6153	2.4	1.6
01.01.2010 00:14:28.773 GMT+0300	1.6157	1.61525	1	1.6
01.01.2010 00:14:28.943 GMT+0300	1.6161	1.6153	1.6	1.6
01.01.2010 00:14:38.661 GMT+0300	1.616	1.6153	1.6	3.2
01.01.2010 00:14:38.881 GMT+0300	1.616	1.6154	1.6	1
01.01.2010 00:14:43.050 GMT+0300	1.616	1.6154	1.6	1.6
01.01.2010 00:15:04.545 GMT+0300	1.616	1.6154	1.6	3.2
01.01.2010 00:15:15.792 GMT+0300	1.616	1.6154	1.6	4.8
01.01.2010 00:15:39.026 GMT+0300	1.616	1.6154	1.6	4
01.01.2010 00:15:44.065 GMT+0300	1.616	1.6154	1.6	3.2
01.01.2010 00:16:26.755 GMT+0300	1.616	1.6154	1.6	4
01.01.2010 00:16:27.055 GMT+0300	1.616	1.61545	3.2	1.6
01.01.2010 00:16:27.395 GMT+0300	1.616	1.6154	3.2	4.8
01.01.2010 00:17:27.120 GMT+0300	1.616	1.6154	3.2	3.2
01.01.2010 00:18:09.958 GMT+0300	1.61549	1.61529	1	1
01.01.2010 00:18:10.138 GMT+0300	1.61548	1.61523	3.1	1.7
01.01.2010 00:18:28.024 GMT+0300	1.61541	1.61516	4.7	1
01.01.2010 00:18:28.353 GMT+0300	1.61534	1.61509	1	1
01.01.2010 00:18:29.383 GMT+0300	1.61531	1.61501	2.2	1.7
01.01.2010 00:18:29.443 GMT+0300	1.61535	1.61505	1	1
01.01.2010 00:18:29.853 GMT+0300	1.61541	1.61516	1	1
01.01.2010 00:18:29.963 GMT+0300	1.61553	1.61528	1	1
01.01.2010 00:18:31.373 GMT+0300	1.61558	1.61533	1	1
01.01.2010 00:18:37.801 GMT+0300	1.61552	1.61527	1	1
01.01.2010 00:18:54.197 GMT+0300	1.61534	1.61529	2.2	1.7
01.01.2010 00:18:57.227 GMT+0300	1.61539	1.61514	1	1
01.01.2010 00:18:57.456 GMT+0300	1.61535	1.61511	1.7	1
01.01.2010 00:19:25.571 GMT+0300	1.6153	1.61506	1	1
01.01.2010 00:19:26.811 GMT+0300	1.61529	1.61504	2.2	1.7
01.01.2010 00:19:36.272 GMT+0300	1.61539	1.61509	3.1	1
01.01.2010 00:19:43.687 GMT+0300	1.61556	1.61531	4.7	1
01.01.2010 00:19:46.137 GMT+0300	1.6157	1.61544	1	1
01.01.2010 00:19:48.361 GMT+0300	1.61572	1.61547	1	1
01.01.2010 00:19:57.654 GMT+0300	1.61573	1.61548	3.1	1
01.01.2010 00:20:13.371 GMT+0300	1.61605	1.61545	3.2	1.6
01.01.2010 00:20:17.740 GMT+0300	1.616	1.6154	3.2	3.2
01.01.2010 00:20:18.130 GMT+0300	1.61605	1.6154	3.2	3.2
01.01.2010 00:20:18.419 GMT+0300	1.61605	1.61545	3.2	1.6
01.01.2010 00:20:20.419 GMT+0300	1.61605	1.61545	1.6	1.6
01.01.2010 00:20:20.599 GMT+0300	1.616	1.61545	1.6	1.6
01.01.2010 00:20:20.869 GMT+0300	1.61605	1.61545	3.2	1.6
01.01.2010 00:20:22.598 GMT+0300	1.616	1.61545	1.6	1.6
01.01.2010 00:20:23.158 GMT+0300	1.61605	1.61545	3.2	1.6
01.01.2010 00:21:23.164 GMT+0300	1.616	1.6154	3.2	3.2
01.01.2010 00:21:37.310 GMT+0300	1.616	1.61545	1.6	1.6
01.01.2010 00:21:44.439 GMT+0300	1.61605	1.6155	1.6	1.6
01.01.2010 00:22:31.947 GMT+0300	1.6161	1.6155	3.2	1.6
01.01.2010 00:22:33.327 GMT+0300	1.61605	1.6155	1.6	1.6
01.01.2010 00:23:24.115 GMT+0300	1.6161	1.6155	3.2	1.6
01.01.2010 00:23:27.144 GMT+0300	1.61605	1.6155	1.6	1.6
01.01.2010 00:23:37.121 GMT+0300	1.6161	1.6155	1.6	3.2
01.01.2010 00:23:46.369 GMT+0300	1.6161	1.61555	1.6	1.6
01.01.2010 00:24:05.845 GMT+0300	1.6161	1.6155	1.6	1.6
01.01.2010 00:24:19.581 GMT+0300	1.6161	1.6155	1.6	3.2
01.01.2010 00:24:19.761 GMT+0300	1.6161	1.6155	1.6	1.6
01.01.2010 00:24:20.701 GMT+0300	1.61605	1.61545	1.6	4
01.01.2010 00:24:20.881 GMT+0300	1.61605	1.61545	1.6	3.2
01.01.2010 00:24:20.991 GMT+0300	1.61605	1.61545	3.2	3.2
01.01.2010 00:24:24.130 GMT+0300	1.61605	1.6156	3.2	1.6
01.01.2010 00:24:24.410 GMT+0300	1.61625	1.61565	1.6	1
01.01.2010 00:24:24.650 GMT+0300	1.61625	1.61565	1.6	1.6
01.01.2010 00:24:26.410 GMT+0300	1.61625	1.6157	1.6	1
01.01.2010 00:24:28.259 GMT+0300	1.61625	1.61575	1.6	1
01.01.2010 00:24:43.795 GMT+0300	1.61625	1.6157	1.6	1
01.01.2010 00:24:44.066 GMT+0300	1.61635	1.6158	1	2.4
01.01.2010 00:24:44.356 GMT+0300	1.6165	1.61585	1.6	3.2
01.01.2010 00:24:44.706 GMT+0300	1.6165	1.6159	1.6	1.6
01.01.2010 00:24:45.575 GMT+0300	1.6165	1.61585	1.6	4.8
01.01.2010 00:24:47.325 GMT+0300	1.6165	1.61585	1.6	3.2
01.01.2010 00:24:47.864 GMT+0300	1.6165	1.61585	1.6	4.8
01.01.2010 00:24:48.604 GMT+0300	1.61635	1.61585	1.6	2.4
01.01.2010 00:24:48.774 GMT+0300	1.61635	1.61575	3.2	1.7
01.01.2010 00:24:49.404 GMT+0300	1.61635	1.61575	1.6	3.3
01.01.2010 00:24:51.104 GMT+0300	1.61635	1.61575	1.6	4.1
01.01.2010 00:24:51.344 GMT+0300	1.61635	1.61595	1.6	1
01.01.2010 00:24:51.524 GMT+0300	1.61645	1.61595	2.4	1
01.01.2010 00:24:58.702 GMT+0300	1.61645	1.61595	4	1
01.01.2010 00:25:11.569 GMT+0300	1.61606	1.61586	1	1.8
01.01.2010 00:25:12.259 GMT+0300	1.61609	1.61589	1	1
01.01.2010 00:25:14.538 GMT+0300	1.6161	1.6159	1	1.7
01.01.2010 00:25:14.768 GMT+0300	1.61612	1.61592	1	1.7
01.01.2010 00:25:15.328 GMT+0300	1.61612	1.61592	1	1
01.01.2010 00:25:16.188 GMT+0300	1.61614	1.61594	1	1
01.01.2010 00:25:23.206 GMT+0300	1.61614	1.61594	1	1
01.01.2010 00:25:26.625 GMT+0300	1.61619	1.61589	1	1
01.01.2010 00:25:26.955 GMT+0300	1.61618	1.61588	1	1
01.01.2010 00:25:29.704 GMT+0300	1.61618	1.61588	1	1
01.01.2010 00:25:32.134 GMT+0300	1.61616	1.61586	1	1.1
01.01.2010 00:25:33.073 GMT+0300	1.61616	1.61586	1	1.7
01.01.2010 00:25:37.113 GMT+0300	1.61612	1.61592	1	1.7
01.01.2010 00:25:40.232 GMT+0300	1.61612	1.61592	1	1
01.01.2010 00:25:41.522 GMT+0300	1.61612	1.61592	1	1
01.01.2010 00:25:46.090 GMT+0300	1.61613	1.61593	1	1.7
01.01.2010 00:25:46.430 GMT+0300	1.61615	1.61595	1	1
01.01.2010 00:25:46.820 GMT+0300	1.61617	1.61597	1	1
01.01.2010 00:26:26.971 GMT+0300	1.61645	1.61615	1.1	1
01.01.2010 00:26:27.490 GMT+0300	1.61645	1.61615	1	1
01.01.2010 00:26:47.816 GMT+0300	1.6164	1.61615	1.6	1
01.01.2010 00:26:48.046 GMT+0300	1.6162	1.6159	1	1
01.01.2010 00:26:51.795 GMT+0300	1.61615	1.61595	1	1
01.01.2010 00:26:52.145 GMT+0300	1.61655	1.61595	4	1
01.01.2010 00:26:55.894 GMT+0300	1.61645	1.61595	5.6	1
01.01.2010 00:26:57.094 GMT+0300	1.6162	1.6159	1	2
01.01.2010 00:26:57.203 GMT+0300	1.6162	1.6159	1	1.6
01.01.2010 00:26:57.323 GMT+0300	1.6162	1.61585	1	1
01.01.2010 00:26:58.613 GMT+0300	1.61625	1.61605	1.6	1
01.01.2010 00:26:58.903 GMT+0300	1.61645	1.61605	1	1
01.01.2010 00:27:03.592 GMT+0300	1.6164	1.6161	1	1
01.01.2010 00:27:03.762 GMT+0300	1.6164	1.61605	1	1.6
01.01.2010 00:27:03.932 GMT+0300	1.6164	1.61595	1	1.6
01.01.2010 00:27:25.296 GMT+0300	1.6164	1.616	1	1
01.01.2010 00:27:26.226 GMT+0300	1.6164	1.61605	1	1
01.01.2010 00:27:38.574 GMT+0300	1.6164	1.616	1	1
01.01.2010 00:27:40.233 GMT+0300	1.6164	1.616	1	1
01.01.2010 00:27:40.293 GMT+0300	1.6164	1.616	1	1
01.01.2010 00:27:42.293 GMT+0300	1.6164	1.61605	1	1
01.01.2010 00:27:43.342 GMT+0300	1.6164	1.6161	1	1
01.01.2010 00:28:07.447 GMT+0300	1.61615	1.61605	1	1
01.01.2010 00:28:13.515 GMT+0300	1.61615	1.61595	1	1
01.01.2010 00:28:24.262 GMT+0300	1.61615	1.616	1	1
01.01.2010 00:28:30.831 GMT+0300	1.61615	1.61595	1	1
01.01.2010 00:28:31.641 GMT+0300	1.61615	1.61585	1	1
01.01.2010 00:28:33.300 GMT+0300	1.61615	1.61595	1	1
01.01.2010 00:28:34.300 GMT+0300	1.61615	1.616	1	1
01.01.2010 00:28:35.340 GMT+0300	1.61615	1.61585	1	1
01.01.2010 00:28:38.309 GMT+0300	1.61615	1.61585	1	1.1
01.01.2010 00:28:39.279 GMT+0300	1.61615	1.61595	1	1
01.01.2010 00:28:47.437 GMT+0300	1.61615	1.616	1	1
01.01.2010 00:28:56.245 GMT+0300	1.6162	1.616	1	1
01.01.2010 00:28:56.475 GMT+0300	1.61625	1.616	1	1
01.01.2010 00:29:13.051 GMT+0300	1.61625	1.616	1	1
01.01.2010 00:29:14.291 GMT+0300	1.61625	1.61605	1	1
01.01.2010 00:29:26.338 GMT+0300	1.61625	1.616	1	1
01.01.2010 00:29:30.926 GMT+0300	1.6162	1.616	1	1
01.01.2010 00:30:11.966 GMT+0300	1.6162	1.61605	1	1
01.01.2010 00:30:53.617 GMT+0300	1.61625	1.61605	1	1
01.01.2010 00:30:53.787 GMT+0300	1.6164	1.6162	1	1
01.01.2010 00:30:58.225 GMT+0300	1.6164	1.61625	1	1
01.01.2010 00:30:59.715 GMT+0300	1.6165	1.61645	1.6	1
01.01.2010 00:31:01.854 GMT+0300	1.6165	1.6162	1.6	1
01.01.2010 00:31:18.970 GMT+0300	1.61645	1.61615	1.4	1
01.01.2010 00:31:19.150 GMT+0300	1.61635	1.6161	1.6	1
01.01.2010 00:31:20.090 GMT+0300	1.61635	1.6161	1.8	1
01.01.2010 00:31:20.360 GMT+0300	1.6163	1.6161	1	1
01.01.2010 00:31:29.258 GMT+0300	1.6163	1.6161	2.2	1
01.01.2010 00:31:29.438 GMT+0300	1.6163	1.616	3.8	1
01.01.2010 00:31:29.608 GMT+0300	1.61625	1.616	3.2	1
01.01.2010 00:31:29.778 GMT+0300	1.6162	1.616	2.2	1
01.01.2010 00:31:29.958 GMT+0300	1.6162	1.61595	2.2	1
01.01.2010 00:31:30.128 GMT+0300	1.6162	1.61595	3.8	1
01.01.2010 00:31:32.237 GMT+0300	1.6162	1.616	3.8	1
01.01.2010 00:31:33.847 GMT+0300	1.61615	1.61605	1.6	1
01.01.2010 00:31:34.077 GMT+0300	1.6162	1.616	3.8	1
01.01.2010 00:31:36.106 GMT+0300	1.6162	1.61605	3.8	1
01.01.2010 00:31:42.155 GMT+0300	1.6162	1.616	3.8	1
01.01.2010 00:31:46.184 GMT+0300	1.6162	1.61605	3.8	1
01.01.2010 00:31:46.294 GMT+0300	1.6162	1.61605	3.8	1
01.01.2010 00:31:50.173 GMT+0300	1.6162	1.6156	3.8	1.6
01.01.2010 00:31:50.403 GMT+0300	1.61615	1.6156	3.2	1.5
01.01.2010 00:31:50.523 GMT+0300	1.61615	1.6156	3.2	1
01.01.2010 00:31:50.633 GMT+0300	1.61615	1.61545	3.2	1
01.01.2010 00:31:50.743 GMT+0300	1.61605	1.61535	1.6	4.8
01.01.2010 00:31:51.383 GMT+0300	1.61605	1.61545	3.2	4.8
01.01.2010 00:31:54.272 GMT+0300	1.616	1.61545	1.6	4.8
01.01.2010 00:31:54.442 GMT+0300	1.616	1.61545	1.6	1
01.01.2010 00:31:54.622 GMT+0300	1.616	1.6154	1.6	4.8
01.01.2010 00:31:54.792 GMT+0300	1.616	1.6154	3.2	3.2
01.01.2010 00:31:55.262 GMT+0300	1.616	1.6154	3.2	1.6
01.01.2010 00:31:55.442 GMT+0300	1.616	1.6154	4	1.6
01.01.2010 00:31:58.201 GMT+0300	1.61595	1.6154	1.6	1.6
01.01.2010 00:31:59.301 GMT+0300	1.61595	1.61535	1.6	4.8
01.01.2010 00:32:14.987 GMT+0300	1.61595	1.61535	3.2	4.8
01.01.2010 00:32:19.476 GMT+0300	1.6159	1.61535	1.6	4.8
01.01.2010 00:32:19.636 GMT+0300	1.6159	1.61535	1.6	3.2
01.01.2010 00:32:19.816 GMT+0300	1.6159	1.61535	1.6	1.6
01.01.2010 00:32:54.937 GMT+0300	1.6159	1.6153	1.6	3.2
01.01.2010 00:33:08.514 GMT+0300	1.61585	1.61525	1.6	1.6
01.01.2010 00:33:08.794 GMT+0300	1.6158	1.61525	1.6	1.6
01.01.2010 00:33:15.842 GMT+0300	1.6158	1.6152	3.2	1.6
01.01.2010 00:33:16.872 GMT+0300	1.61575	1.6152	3.2	1.6
01.01.2010 00:33:24.550 GMT+0300	1.6157	1.61515	1.6	3.3
01.01.2010 00:33:24.670 GMT+0300	1.6157	1.61515	1.6	1
01.01.2010 00:33:24.780 GMT+0300	1.6157	1.61515	3.2	1
01.01.2010 00:33:29.979 GMT+0300	1.61565	1.61505	3.2	4.1
01.01.2010 00:33:31.208 GMT+0300	1.61565	1.6151	3.2	1
01.01.2010 00:33:32.468 GMT+0300	1.61565	1.61515	3.2	1
01.01.2010 00:33:33.078 GMT+0300	1.6157	1.61515	3.2	1
01.01.2010 00:33:34.438 GMT+0300	1.6157	1.6152	3.2	1
01.01.2010 00:33:38.437 GMT+0300	1.6157	1.61525	3.2	1
01.01.2010 00:33:40.356 GMT+0300	1.6157	1.6153	3.2	1
01.01.2010 00:33:51.184 GMT+0300	1.6157	1.61525	3.2	1
01.01.2010 00:33:55.793 GMT+0300	1.6157	1.6151	3.2	1.7
01.01.2010 00:33:56.423 GMT+0300	1.6157	1.6151	3.2	3.3
01.01.2010 00:33:59.382 GMT+0300	1.6157	1.6152	3.2	1
01.01.2010 00:34:00.241 GMT+0300	1.6157	1.61525	3.2	1
01.01.2010 00:34:14.938 GMT+0300	1.6157	1.6151	3.2	3.3
01.01.2010 00:34:17.217 GMT+0300	1.6157	1.6152	3.2	1
01.01.2010 00:34:18.237 GMT+0300	1.6157	1.61525	3.2	1
01.01.2010 00:34:18.867 GMT+0300	1.6157	1.6151	3.2	3.3
01.01.2010 00:34:20.347 GMT+0300	1.6157	1.6151	3.3	3.3
01.01.2010 00:34:21.186 GMT+0300	1.61565	1.6151	1	3.2
01.01.2010 00:34:21.306 GMT+0300	1.61565	1.6151	1	3.3
01.01.2010 00:34:35.363 GMT+0300	1.6157	1.6151	3.2	3.3
01.01.2010 00:34:37.283 GMT+0300	1.6157	1.6152	3.2	1
01.01.2010 00:34:38.242 GMT+0300	1.6157	1.61525	3.2	1
01.01.2010 00:34:38.944 GMT+0300	1.61565	1.6151	1.6	1.7
01.01.2010 00:34:41.262 GMT+0300	1.61565	1.6151	1.7	1.7
01.01.2010 00:34:43.961 GMT+0300	1.61565	1.6151	1.6	1.7
01.01.2010 00:34:45.041 GMT+0300	1.6157	1.61515	3.3	1
01.01.2010 00:34:46.261 GMT+0300	1.61565	1.6152	1.6	1
01.01.2010 00:34:53.999 GMT+0300	1.61565	1.6151	1.6	1.7
01.01.2010 00:34:55.258 GMT+0300	1.61565	1.6151	1.7	1.7
01.01.2010 00:35:14.184 GMT+0300	1.61565	1.6151	1.6	1.7
01.01.2010 00:35:16.253 GMT+0300	1.61565	1.6151	1.7	1.7
01.01.2010 00:35:33.639 GMT+0300	1.61565	1.6151	3.3	1
01.01.2010 00:35:33.919 GMT+0300	1.6157	1.6151	3.4	1
01.01.2010 00:35:35.399 GMT+0300	1.61565	1.61515	3.2	1
01.01.2010 00:35:36.259 GMT+0300	1.61565	1.6152	3.2	1
01.01.2010 00:35:48.475 GMT+0300	1.61565	1.6151	3.2	1
01.01.2010 00:36:09.610 GMT+0300	1.61565	1.6151	3.2	1
01.01.2010 00:36:12.280 GMT+0300	1.61565	1.6151	3.3	1
01.01.2010 00:36:29.306 GMT+0300	1.61565	1.6151	1	3.3
01.01.2010 00:36:29.415 GMT+0300	1.6157	1.6151	3.2	3.2
01.01.2010 00:36:29.766 GMT+0300	1.6157	1.6151	3.2	3.3
01.01.2010 00:36:31.305 GMT+0300	1.6157	1.6151	3.3	3.3
01.01.2010 00:36:32.215 GMT+0300	1.61565	1.6151	1	3.3
01.01.2010 00:36:49.581 GMT+0300	1.6157	1.6151	3.2	3.3
01.01.2010 00:36:53.520 GMT+0300	1.6157	1.6151	3.3	3.3
01.01.2010 00:36:54.290 GMT+0300	1.61565	1.6151	1	3.3
01.01.2010 00:37:11.876 GMT+0300	1.6157	1.6151	3.2	3.3
01.01.2010 00:37:14.305 GMT+0300	1.6157	1.6151	3.3	3.3
01.01.2010 00:37:15.365 GMT+0300	1.61565	1.6151	1	3.3
01.01.2010 00:37:17.945 GMT+0300	1.6157	1.6151	3.2	3.3
01.01.2010 00:37:19.254 GMT+0300	1.6157	1.6151	3.3	3.3
01.01.2010 00:37:19.904 GMT+0300	1.6157	1.6151	3.2	3.3
01.01.2010 00:37:21.214 GMT+0300	1.6157	1.6152	3.2	1
01.01.2010 00:37:21.334 GMT+0300	1.6157	1.6152	3.2	1
01.01.2010 00:37:22.193 GMT+0300	1.6157	1.61525	3.2	1
01.01.2010 00:37:22.313 GMT+0300	1.6157	1.61525	3.2	1
01.01.2010 00:37:36.800 GMT+0300	1.6157	1.6151	3.2	3.3
01.01.2010 00:37:38.380 GMT+0300	1.6157	1.6151	3.3	3.3
01.01.2010 00:37:39.379 GMT+0300	1.61565	1.6151	1	3.3
01.01.2010 00:37:39.949 GMT+0300	1.6157	1.6151	3.2	3.3
01.01.2010 00:37:42.229 GMT+0300	1.6157	1.6151	3.3	3.3
01.01.2010 00:37:43.238 GMT+0300	1.61565	1.6151	1	3.3
01.01.2010 00:37:50.816 GMT+0300	1.6155	1.6151	1	3.3
01.01.2010 00:37:51.037 GMT+0300	1.6155	1.6151	1	1
01.01.2010 00:37:55.315 GMT+0300	1.61555	1.6151	1.3	1
01.01.2010 00:37:55.435 GMT+0300	1.61555	1.6151	1	1
01.01.2010 00:37:56.605 GMT+0300	1.61555	1.6151	1	1
01.01.2010 00:37:56.885 GMT+0300	1.61565	1.6151	3.3	1
01.01.2010 00:38:02.924 GMT+0300	1.61565	1.6151	3.2	1
01.01.2010 00:38:04.233 GMT+0300	1.61565	1.6151	3.3	1
01.01.2010 00:38:07.093 GMT+0300	1.61565	1.6151	3.2	1
01.01.2010 00:38:09.222 GMT+0300	1.61565	1.61515	3.2	1
01.01.2010 00:38:28.797 GMT+0300	1.61565	1.6151	3.2	1
01.01.2010 00:38:30.317 GMT+0300	1.61565	1.6151	3.3	1
01.01.2010 00:38:36.946 GMT+0300	1.61565	1.6151	3.2	1
01.01.2010 00:38:38.455 GMT+0300	1.61565	1.6151	3.3	1
01.01.2010 00:38:57.431 GMT+0300	1.61565	1.6151	3.2	1
01.01.2010 00:38:58.470 GMT+0300	1.61565	1.61515	3.2	1
01.01.2010 00:39:16.756 GMT+0300	1.61565	1.6151	3.2	1
01.01.2010 00:39:16.936 GMT+0300	1.61565	1.6151	3.2	1
01.01.2010 00:39:18.195 GMT+0300	1.61565	1.61515	3.2	1
01.01.2010 00:39:38.841 GMT+0300	1.61565	1.6151	3.2	1
01.01.2010 00:39:40.330 GMT+0300	1.61565	1.6151	3.3	1
01.01.2010 00:39:54.967 GMT+0300	1.61565	1.6151	3.2	1
01.01.2010 00:39:56.326 GMT+0300	1.61565	1.61515	3.2	1
01.01.2010 00:39:57.266 GMT+0300	1.61565	1.6151	3.2	1
01.01.2010 00:39:58.296 GMT+0300	1.61565	1.6151	3.3	1
01.01.2010 00:40:27.919 GMT+0300	1.61565	1.6151	3.2	1
01.01.2010 00:40:29.328 GMT+0300	1.61565	1.6151	3.3	1
01.01.2010 00:40:42.449 GMT+0300	1.61565	1.6151	3.2	1
01.01.2010 00:40:44.355 GMT+0300	1.61565	1.6151	3.3	1
01.01.2010 00:40:44.885 GMT+0300	1.61565	1.6151	3.2	1
01.01.2010 00:40:46.344 GMT+0300	1.61565	1.61515	3.2	1
01.01.2010 00:40:52.574 GMT+0300	1.61565	1.61515	3.2	1
01.01.2010 00:40:59.491 GMT+0300	1.61565	1.6151	3.2	1
01.01.2010 00:41:01.291 GMT+0300	1.61565	1.6151	3.3	1
01.01.2010 00:41:04.440 GMT+0300	1.61565	1.6151	3.2	1
01.01.2010 00:41:08.239 GMT+0300	1.61565	1.61515	3.2	1
01.01.2010 00:41:08.919 GMT+0300	1.61565	1.6151	3.2	1
01.01.2010 00:41:12.298 GMT+0300	1.61565	1.6151	3.3	1
01.01.2010 00:41:23.405 GMT+0300	1.6156	1.6151	1.6	1
01.01.2010 00:41:25.235 GMT+0300	1.6156	1.61515	1.6	1
01.01.2010 00:41:44.800 GMT+0300	1.6156	1.6151	1.6	1
01.01.2010 00:41:46.230 GMT+0300	1.6156	1.6151	1.7	1
01.01.2010 00:41:46.710 GMT+0300	1.6156	1.6151	3.3	1
01.01.2010 00:41:46.890 GMT+0300	1.61555	1.6151	1.6	1
01.01.2010 00:41:57.257 GMT+0300	1.61555	1.6151	1.6	1
01.01.2010 00:41:57.427 GMT+0300	1.61555	1.6151	1.6	1
01.01.2010 00:41:59.277 GMT+0300	1.61555	1.6152	1.6	1
01.01.2010 00:42:18.942 GMT+0300	1.61555	1.6151	1.6	1
01.01.2010 00:42:35.358 GMT+0300	1.61555	1.6152	1.6	1
01.01.2010 00:42:54.863 GMT+0300	1.61555	1.6151	1.6	1
01.01.2010 00:43:00.262 GMT+0300	1.61555	1.61515	1.6	1
01.01.2010 00:43:18.868 GMT+0300	1.61555	1.6151	1.6	1
01.01.2010 00:43:23.426 GMT+0300	1.61555	1.6151	3.2	1
01.01.2010 00:43:40.453 GMT+0300	1.6156	1.6151	1	1
01.01.2010 00:43:57.908 GMT+0300	1.61565	1.6151	2.4	1
01.01.2010 00:44:01.217 GMT+0300	1.6156	1.6151	1	1
01.01.2010 00:44:07.406 GMT+0300	1.61565	1.6151	2.4	1
01.01.2010 00:44:09.325 GMT+0300	1.61565	1.6152	2.4	1
01.01.2010 00:44:17.243 GMT+0300	1.61565	1.6151	2.4	1
01.01.2010 00:44:20.413 GMT+0300	1.61565	1.6152	2.4	1
01.01.2010 00:44:21.063 GMT+0300	1.61535	1.6152	1	1
01.01.2010 00:44:21.233 GMT+0300	1.61535	1.61505	1	1
01.01.2010 00:44:29.441 GMT+0300	1.6152	1.615	1	1
01.01.2010 00:44:33.290 GMT+0300	1.6152	1.615	1	1
01.01.2010 00:45:03.732 GMT+0300	1.61525	1.61515	1	1
01.01.2010 00:45:04.142 GMT+0300	1.61525	1.61505	1	1
01.01.2010 00:45:04.902 GMT+0300	1.6154	1.61505	1	1.6
01.01.2010 00:45:06.302 GMT+0300	1.6153	1.61505	1	1.6
01.01.2010 00:45:07.401 GMT+0300	1.61535	1.61505	1	1.6
01.01.2010 00:45:19.279 GMT+0300	1.6153	1.61505	1	1.6
01.01.2010 00:45:20.288 GMT+0300	1.61525	1.61505	1	1.6
01.01.2010 00:45:24.457 GMT+0300	1.6153	1.61505	1	1.6
01.01.2010 00:45:30.966 GMT+0300	1.61525	1.61505	1	1.6
01.01.2010 00:45:33.215 GMT+0300	1.6153	1.61505	1	1.6
01.01.2010 00:45:34.345 GMT+0300	1.61525	1.61505	1	1.6
01.01.2010 00:45:53.210 GMT+0300	1.6153	1.61505	1	1.6
01.01.2010 00:45:53.381 GMT+0300	1.61525	1.61505	1	1.6
01.01.2010 00:45:59.449 GMT+0300	1.61525	1.6151	1	1
01.01.2010 00:45:59.669 GMT+0300	1.61525	1.61515	1	1.6
01.01.2010 00:46:01.488 GMT+0300	1.61525	1.6152	1	1
01.01.2010 00:46:07.967 GMT+0300	1.6155	1.6152	2	1
01.01.2010 00:46:14.475 GMT+0300	1.61605	1.6152	1	1
01.01.2010 00:46:15.245 GMT+0300	1.616	1.6152	1	1
01.01.2010 00:46:32.801 GMT+0300	1.6161	1.6152	3.3	1
01.01.2010 00:46:35.590 GMT+0300	1.61605	1.6152	1	1
01.01.2010 00:46:36.280 GMT+0300	1.616	1.6152	1	1
01.01.2010 00:46:40.960 GMT+0300	1.6161	1.6152	3.2	1
01.01.2010 00:46:41.869 GMT+0300	1.6161	1.6152	3.3	1
01.01.2010 00:47:02.684 GMT+0300	1.6161	1.61505	2.5	1.6
01.01.2010 00:47:04.223 GMT+0300	1.61605	1.61505	1	1.6
01.01.2010 00:47:05.173 GMT+0300	1.616	1.61505	1	1.6
01.01.2010 00:47:21.959 GMT+0300	1.6161	1.61505	2.5	1.6
01.01.2010 00:47:26.428 GMT+0300	1.61605	1.61505	1	1.6
01.01.2010 00:47:27.238 GMT+0300	1.616	1.61505	1	1.6
01.01.2010 00:47:33.426 GMT+0300	1.616	1.6151	1	1
01.01.2010 00:47:33.666 GMT+0300	1.616	1.6151	1	2.4
01.01.2010 00:47:33.826 GMT+0300	1.616	1.6151	1	4
01.01.2010 00:47:33.946 GMT+0300	1.616	1.61515	1	1
01.01.2010 00:47:53.322 GMT+0300	1.6161	1.61515	1	1
01.01.2010 00:47:54.721 GMT+0300	1.61605	1.61515	1	1
01.01.2010 00:47:54.961 GMT+0300	1.61605	1.61515	1	1.6
01.01.2010 00:47:55.261 GMT+0300	1.61605	1.61515	1	1
01.01.2010 00:47:56.271 GMT+0300	1.616	1.61515	1	1
01.01.2010 00:48:01.070 GMT+0300	1.61605	1.61515	1	1
01.01.2010 00:48:46.269 GMT+0300	1.61605	1.61515	1	1
01.01.2010 00:48:47.288 GMT+0300	1.616	1.61515	1	1
01.01.2010 00:48:55.736 GMT+0300	1.616	1.61505	1	1
01.01.2010 00:49:42.295 GMT+0300	1.61605	1.61505	1	1
01.01.2010 00:49:42.635 GMT+0300	1.616	1.6151	2.5	1
01.01.2010 00:49:42.975 GMT+0300	1.616	1.61515	1	1
01.01.2010 00:49:44.465 GMT+0300	1.616	1.61515	1	1
01.01.2010 00:50:07.399 GMT+0300	1.616	1.61515	1	1
01.01.2010 00:50:10.258 GMT+0300	1.616	1.61515	1	1
01.01.2010 00:50:26.965 GMT+0300	1.616	1.61515	1	1
01.01.2010 00:50:29.154 GMT+0300	1.616	1.61515	1	1
01.01.2010 00:50:43.121 GMT+0300	1.616	1.615	1	1
01.01.2010 00:51:07.735 GMT+0300	1.616	1.61515	1	1.6
01.01.2010 00:51:08.195 GMT+0300	1.616	1.6152	1	1
01.01.2010 00:51:14.303 GMT+0300	1.61595	1.6152	1	1
01.01.2010 00:51:17.473 GMT+0300	1.616	1.6152	1	1
01.01.2010 00:52:08.280 GMT+0300	1.616	1.615	1	1
01.01.2010 00:52:14.189 GMT+0300	1.616	1.61505	1	1
01.01.2010 00:52:15.248 GMT+0300	1.61585	1.61505	1	1
01.01.2010 00:52:16.278 GMT+0300	1.6158	1.61505	1	1
01.01.2010 00:52:24.076 GMT+0300	1.61585	1.615	1	1
01.01.2010 00:52:50.230 GMT+0300	1.6161	1.615	1	1
01.01.2010 00:52:51.150 GMT+0300	1.6159	1.615	2	1
01.01.2010 00:52:51.970 GMT+0300	1.61575	1.615	1	1
01.01.2010 00:52:52.200 GMT+0300	1.61565	1.615	1	1
01.01.2010 00:52:53.299 GMT+0300	1.61555	1.615	1	1
01.01.2010 00:53:16.904 GMT+0300	1.61555	1.61495	1	1
01.01.2010 00:53:18.283 GMT+0300	1.6154	1.61495	1	1
01.01.2010 00:53:33.889 GMT+0300	1.6154	1.61495	1	1
01.01.2010 00:53:34.120 GMT+0300	1.6154	1.6147	1	1.7
01.01.2010 00:53:34.299 GMT+0300	1.61535	1.6147	1	1
01.01.2010 00:53:34.759 GMT+0300	1.61535	1.6146	1	1.6
01.01.2010 00:53:34.989 GMT+0300	1.61535	1.6146	1	1
01.01.2010 00:53:35.579 GMT+0300	1.6153	1.6146	1	1
01.01.2010 00:53:49.576 GMT+0300	1.6153	1.61465	1	1
01.01.2010 00:53:49.816 GMT+0300	1.6153	1.61465	1	1.6
01.01.2010 00:53:54.755 GMT+0300	1.6154	1.61465	1	1.6
01.01.2010 00:53:59.424 GMT+0300	1.6154	1.61465	1	1
01.01.2010 00:53:59.714 GMT+0300	1.6154	1.6146	1	1
01.01.2010 00:54:03.003 GMT+0300	1.6155	1.6146	4	1
01.01.2010 00:54:03.123 GMT+0300	1.61545	1.6146	3.2	1
01.01.2010 00:54:03.783 GMT+0300	1.6154	1.6146	3.2	1
01.01.2010 00:54:06.832 GMT+0300	1.61535	1.6146	1.6	1
01.01.2010 00:54:07.522 GMT+0300	1.61535	1.6146	3.2	1
01.01.2010 00:54:10.941 GMT+0300	1.6153	1.6146	3.2	1
01.01.2010 00:54:11.281 GMT+0300	1.6155	1.6146	1	1
01.01.2010 00:54:16.500 GMT+0300	1.61555	1.61465	1	1
01.01.2010 00:54:16.670 GMT+0300	1.61555	1.61465	1	1.6
01.01.2010 00:54:19.009 GMT+0300	1.61555	1.61485	1	1.6
01.01.2010 00:54:21.099 GMT+0300	1.61555	1.615	1	1
01.01.2010 00:55:00.709 GMT+0300	1.6161	1.61505	1.2	1
01.01.2010 00:55:00.939 GMT+0300	1.61625	1.6152	1	1
01.01.2010 00:55:08.367 GMT+0300	1.61615	1.61545	1	1
01.01.2010 00:55:08.537 GMT+0300	1.61615	1.6155	1	1
01.01.2010 00:55:11.367 GMT+0300	1.61615	1.61565	1	1
01.01.2010 00:55:13.276 GMT+0300	1.6161	1.61565	1	1
01.01.2010 00:55:24.614 GMT+0300	1.6163	1.61565	1	1
01.01.2010 00:55:26.183 GMT+0300	1.6163	1.6157	1	1
01.01.2010 00:55:27.073 GMT+0300	1.61625	1.6157	1	1
01.01.2010 00:55:28.183 GMT+0300	1.61615	1.6157	1	1
01.01.2010 00:55:30.482 GMT+0300	1.6161	1.6157	1	1
01.01.2010 00:55:35.561 GMT+0300	1.6161	1.61565	1	1
01.01.2010 00:55:38.240 GMT+0300	1.61605	1.61565	1	1
01.01.2010 00:55:48.018 GMT+0300	1.6168	1.61585	1.6	1
01.01.2010 00:55:48.178 GMT+0300	1.61695	1.6159	1	1
01.01.2010 00:56:08.803 GMT+0300	1.6177	1.61645	1.6	1.6
01.01.2010 00:56:08.913 GMT+0300	1.6177	1.61645	1	1.6
01.01.2010 00:56:10.283 GMT+0300	1.61755	1.6166	1.6	1
01.01.2010 00:56:10.522 GMT+0300	1.61745	1.6165	1.6	1.6
01.01.2010 00:56:13.572 GMT+0300	1.6174	1.6165	1	1
01.01.2010 00:56:14.092 GMT+0300	1.61735	1.6163	1.6	1.6
01.01.2010 00:56:16.281 GMT+0300	1.61745	1.61645	1	1
01.01.2010 00:56:16.571 GMT+0300	1.6175	1.61645	1.6	1
01.01.2010 00:56:18.291 GMT+0300	1.6175	1.6165	1.6	1
01.01.2010 00:56:19.310 GMT+0300	1.6175	1.6165	1.6	1
01.01.2010 00:56:19.900 GMT+0300	1.6175	1.6165	1.6	1
01.01.2010 00:56:20.060 GMT+0300	1.61755	1.6166	1	1.6
01.01.2010 00:56:24.749 GMT+0300	1.61755	1.6166	1.6	1
01.01.2010 00:56:26.698 GMT+0300	1.61755	1.6166	1.7	1
01.01.2010 00:56:27.218 GMT+0300	1.6175	1.61655	1.6	1
01.01.2010 00:56:27.388 GMT+0300	1.6175	1.61655	1.6	1.6
01.01.2010 00:56:30.248 GMT+0300	1.61745	1.6165	1	1
01.01.2010 00:56:31.227 GMT+0300	1.6176	1.6165	1	1
01.01.2010 00:56:45.404 GMT+0300	1.61755	1.6165	1	1
01.01.2010 00:56:46.204 GMT+0300	1.6175	1.6165	1	1
01.01.2010 00:56:55.521 GMT+0300	1.61745	1.61645	1.6	1.6
01.01.2010 00:56:57.171 GMT+0300	1.617	1.61645	1	1.6
01.01.2010 00:56:58.241 GMT+0300	1.6167	1.61645	1	1.6
01.01.2010 00:57:09.068 GMT+0300	1.6167	1.6166	1	1
01.01.2010 00:57:09.239 GMT+0300	1.6168	1.61675	1	1.6
01.01.2010 00:57:12.128 GMT+0300	1.6168	1.61675	1	1.6
01.01.2010 00:57:18.316 GMT+0300	1.6172	1.61675	1	1.6
01.01.2010 00:57:25.294 GMT+0300	1.61655	1.61595	1	3.4
01.01.2010 00:57:27.784 GMT+0300	1.6164	1.61595	1	1.6
01.01.2010 00:57:28.014 GMT+0300	1.6164	1.6161	1	1
01.01.2010 00:57:28.304 GMT+0300	1.6164	1.6158	1	1
01.01.2010 00:57:34.022 GMT+0300	1.6164	1.61595	1	1.7
01.01.2010 00:57:42.650 GMT+0300	1.6164	1.61595	1	1
01.01.2010 00:57:43.860 GMT+0300	1.61645	1.61595	1	1
01.01.2010 00:57:45.260 GMT+0300	1.61645	1.616	1	1
01.01.2010 00:57:47.869 GMT+0300	1.6165	1.616	1	1
01.01.2010 00:57:50.538 GMT+0300	1.61715	1.61595	1	1.7
01.01.2010 00:57:51.158 GMT+0300	1.61715	1.616	1	1
01.01.2010 00:57:52.228 GMT+0300	1.6167	1.616	1	1
01.01.2010 00:57:53.168 GMT+0300	1.6166	1.616	1	1
01.01.2010 00:57:53.338 GMT+0300	1.61645	1.616	1	1
01.01.2010 00:58:01.536 GMT+0300	1.61675	1.616	1	1
01.01.2010 00:58:02.265 GMT+0300	1.61665	1.616	1	1
01.01.2010 00:58:41.266 GMT+0300	1.61645	1.616	1	1
01.01.2010 00:58:51.194 GMT+0300	1.6172	1.61605	1	1.6
01.01.2010 00:58:52.323 GMT+0300	1.61705	1.6163	1	1
01.01.2010 00:58:53.384 GMT+0300	1.61705	1.61635	1	1
01.01.2010 00:58:54.403 GMT+0300	1.61705	1.61595	1	1.6
01.01.2010 00:58:56.292 GMT+0300	1.6168	1.61605	1	1.6
01.01.2010 00:58:56.982 GMT+0300	1.6167	1.61605	1	1.6
01.01.2010 00:58:57.212 GMT+0300	1.6167	1.61605	1	3.2
01.01.2010 00:58:58.452 GMT+0300	1.61625	1.6161	1	1.6
01.01.2010 00:58:59.262 GMT+0300	1.6162	1.6161	1	1.6
01.01.2010 00:59:00.252 GMT+0300	1.61615	1.6161	1	1.6
01.01.2010 00:59:07.970 GMT+0300	1.6166	1.6161	1	1.6
01.01.2010 00:59:08.999 GMT+0300	1.6164	1.6161	1	1.6
01.01.2010 00:59:10.239 GMT+0300	1.6163	1.6161	1	1.6
01.01.2010 00:59:11.229 GMT+0300	1.61625	1.6161	1	1.6
01.01.2010 00:59:16.138 GMT+0300	1.61715	1.6161	1	1.6
01.01.2010 00:59:16.368 GMT+0300	1.61715	1.6163	1	2.4
01.01.2010 00:59:16.877 GMT+0300	1.6174	1.61695	1	1
01.01.2010 00:59:17.148 GMT+0300	1.6176	1.6163	1	1.6
01.01.2010 00:59:17.377 GMT+0300	1.61745	1.61615	1	3.2
01.01.2010 00:59:18.027 GMT+0300	1.61725	1.61645	1.6	3.2
01.01.2010 00:59:19.417 GMT+0300	1.6171	1.6166	1	1.6
01.01.2010 00:59:19.527 GMT+0300	1.6171	1.6159	1	3.2
01.01.2010 00:59:19.647 GMT+0300	1.6171	1.6159	1.6	3.2
01.01.2010 00:59:21.366 GMT+0300	1.61713	1.61702	1	3.2
01.01.2010 00:59:24.396 GMT+0300	1.6171	1.6169	1	3.2
01.01.2010 00:59:25.025 GMT+0300	1.61707	1.61693	1	3.2
01.01.2010 00:59:27.695 GMT+0300	1.617	1.61685	1	3.2
01.01.2010 00:59:28.395 GMT+0300	1.61745	1.6162	1	3.2
01.01.2010 00:59:29.345 GMT+0300	1.617	1.6162	1	3.2
01.01.2010 00:59:29.854 GMT+0300	1.61705	1.61635	1	3.2
01.01.2010 00:59:30.204 GMT+0300	1.617	1.6163	1	1.6
01.01.2010 00:59:30.494 GMT+0300	1.61675	1.6163	1	1.6
01.01.2010 00:59:31.474 GMT+0300	1.6167	1.6163	1	1.6
01.01.2010 00:59:34.213 GMT+0300	1.6175	1.6163	1	1.6
01.01.2010 00:59:43.021 GMT+0300	1.61723	1.61702	1	1.6
01.01.2010 00:59:43.321 GMT+0300	1.61715	1.61695	1	1.6
01.01.2010 00:59:45.511 GMT+0300	1.61715	1.6164	1	1.6
01.01.2010 00:59:48.980 GMT+0300	1.617	1.61585	1	1
01.01.2010 00:59:51.519 GMT+0300	1.61682	1.61673	1	1.6
01.01.2010 01:00:00.056 GMT+0300	1.61763	1.61733	1.6	6
01.01.2010 01:00:02.285 GMT+0300	1.61743	1.61723	1	1
01.01.2010 01:00:02.635 GMT+0300	1.61725	1.61705	1.4	1
01.01.2010 01:00:02.853 GMT+0300	1.61714	1.61684	1	1.7
01.01.2010 01:00:03.865 GMT+0300	1.61692	1.61672	1	1
01.01.2010 01:00:04.165 GMT+0300	1.61678	1.61658	1	1
01.01.2010 01:00:04.454 GMT+0300	1.61663	1.61643	1	1
01.01.2010 01:00:04.914 GMT+0300	1.61649	1.61629	1	2
01.01.2010 01:00:04.975 GMT+0300	1.61636	1.61611	1	1.9
01.01.2010 01:00:05.214 GMT+0300	1.61619	1.61594	3	1
01.01.2010 01:00:05.324 GMT+0300	1.61599	1.61584	1	3.2
01.01.2010 01:00:05.844 GMT+0300	1.61596	1.61576	1	1
01.01.2010 01:00:07.244 GMT+0300	1.61601	1.61586	1	8.7
01.01.2010 01:00:07.584 GMT+0300	1.61613	1.61598	1	1.8
01.01.2010 01:00:08.143 GMT+0300	1.61623	1.61608	1	1.6
01.01.2010 01:00:08.383 GMT+0300	1.6163	1.61615	1	10
01.01.2010 01:00:09.703 GMT+0300	1.61638	1.61623	1	4.8
01.01.2010 01:00:09.883 GMT+0300	1.61645	1.61625	1	1.6
01.01.2010 01:00:10.213 GMT+0300	1.61646	1.61631	1	6.7
01.01.2010 01:00:12.113 GMT+0300	1.61653	1.61633	1	12.1
01.01.2010 01:00:12.353 GMT+0300	1.61657	1.61637	1	1.6
01.01.2010 01:00:15.332 GMT+0300	1.61666	1.61636	1	1.7
01.01.2010 01:00:15.622 GMT+0300	1.61664	1.61639	1	12
01.01.2010 01:00:16.032 GMT+0300	1.61666	1.61641	1.2	1.8
01.01.2010 01:00:16.552 GMT+0300	1.61666	1.61641	1	2.5
01.01.2010 01:00:18.417 GMT+0300	1.61666	1.61636	1	1
01.01.2010 01:00:43.342 GMT+0300	1.61665	1.61635	1.9	1
01.01.2010 01:00:47.634 GMT+0300	1.6166	1.6163	1	23.7
01.01.2010 01:00:57.302 GMT+0300	1.61655	1.61625	1	4.1
01.01.2010 01:00:57.591 GMT+0300	1.61648	1.61623	1	8.8
01.01.2010 01:00:57.982 GMT+0300	1.61641	1.61616	1	1.6
01.01.2010 01:00:58.282 GMT+0300	1.61637	1.61612	1	1
01.01.2010 01:01:03.669 GMT+0300	1.61643	1.61618	1	35.2
01.01.2010 01:01:03.949 GMT+0300	1.61643	1.61618	2.5	2.5
01.01.2010 01:01:05.388 GMT+0300	1.61645	1.61615	1	1.6
01.01.2010 01:01:05.498 GMT+0300	1.61645	1.61615	1	12.4
01.01.2010 01:01:05.548 GMT+0300	1.61643	1.61618	2.6	1
01.01.2010 01:01:05.608 GMT+0300	1.61643	1.61618	1	1
01.01.2010 01:01:11.867 GMT+0300	1.61645	1.61615	1	1.5
01.01.2010 01:01:12.167 GMT+0300	1.61645	1.61615	2.2	1
01.01.2010 01:01:13.166 GMT+0300	1.61645	1.61615	1	1
01.01.2010 01:01:13.516 GMT+0300	1.6164	1.6162	1	1
01.01.2010 01:01:21.394 GMT+0300	1.61643	1.61618	1	7.2
01.01.2010 01:01:21.504 GMT+0300	1.6164	1.6162	1	1
01.01.2010 01:01:24.004 GMT+0300	1.6164	1.6162	1.6	1.7
01.01.2010 01:01:24.174 GMT+0300	1.6164	1.6162	1.3	2.2
01.01.2010 01:01:33.352 GMT+0300	1.61643	1.61618	1	32
01.01.2010 01:01:37.940 GMT+0300	1.61643	1.61618	1	1.6
01.01.2010 01:01:43.369 GMT+0300	1.61643	1.61618	1	5.2
01.01.2010 01:01:44.539 GMT+0300	1.6164	1.6162	1.6	1
01.01.2010 01:01:48.538 GMT+0300	1.61643	1.61618	1	1
01.01.2010 01:01:53.017 GMT+0300	1.61643	1.61618	1	2.5
01.01.2010 01:01:53.632 GMT+0300	1.61643	1.61618	1	1
01.01.2010 01:01:54.737 GMT+0300	1.61643	1.61618	1	1
01.01.2010 01:01:55.926 GMT+0300	1.61643	1.61618	1	1
01.01.2010 01:01:56.776 GMT+0300	1.61643	1.61618	1	3.2
01.01.2010 01:01:58.506 GMT+0300	1.61643	1.61618	1	1
01.01.2010 01:02:03.175 GMT+0300	1.61693	1.61667	1	1
01.01.2010 01:02:05.055 GMT+0300	1.61693	1.61667	1	5.8
01.01.2010 01:02:09.974 GMT+0300	1.61695	1.61665	1	20.1
01.01.2010 01:02:10.263 GMT+0300	1.61695	1.61665	2	1
01.01.2010 01:02:10.314 GMT+0300	1.61698	1.61662	1	3
01.01.2010 01:02:10.484 GMT+0300	1.61695	1.61665	1	1
01.01.2010 01:02:18.042 GMT+0300	1.61695	1.61665	1.7	1
01.01.2010 01:02:26.920 GMT+0300	1.6169	1.6167	1	1
01.01.2010 01:02:27.799 GMT+0300	1.6169	1.6167	3.9	1
01.01.2010 01:02:28.779 GMT+0300	1.6169	1.6167	1	2.5
01.01.2010 01:02:28.889 GMT+0300	1.61687	1.61673	1	3.2
01.01.2010 01:02:29.009 GMT+0300	1.61692	1.61668	2	3.2
01.01.2010 01:03:22.068 GMT+0300	1.6169	1.6167	2.6	1
01.01.2010 01:03:26.917 GMT+0300	1.6169	1.6167	1.6	3
01.01.2010 01:03:28.247 GMT+0300	1.61695	1.61665	1	20.5
01.01.2010 01:03:29.757 GMT+0300	1.6169	1.6167	1	1
01.01.2010 01:03:29.997 GMT+0300	1.61695	1.61665	3	1
01.01.2010 01:03:30.237 GMT+0300	1.6169	1.6167	1	1.7
01.01.2010 01:03:31.816 GMT+0300	1.61695	1.61665	1	39.7
01.01.2010 01:03:59.150 GMT+0300	1.6169	1.6167	1	3.1
01.01.2010 01:03:59.959 GMT+0300	1.61692	1.61668	1	12
01.01.2010 01:04:01.333 GMT+0300	1.6169	1.6167	2	1
01.01.2010 01:04:01.683 GMT+0300	1.61692	1.61668	1	1.6
01.01.2010 01:04:16.569 GMT+0300	1.6169	1.6167	1	1
01.01.2010 01:04:17.939 GMT+0300	1.61692	1.61668	1	3.2
01.01.2010 01:04:18.699 GMT+0300	1.6169	1.6167	1	1
01.01.2010 01:04:20.428 GMT+0300	1.61692	1.61668	1	1
01.01.2010 01:04:32.255 GMT+0300	1.6169	1.6167	1	1
01.01.2010 01:04:32.615 GMT+0300	1.61692	1.61668	1	1
01.01.2010 01:04:36.934 GMT+0300	1.61698	1.61662	1.2	1
01.01.2010 01:04:50.171 GMT+0300	1.61693	1.61667	1.1	1
01.01.2010 01:04:50.411 GMT+0300	1.61693	1.61667	1	12.4
01.01.2010 01:04:53.020 GMT+0300	1.61693	1.61667	1	30.5
01.01.2010 01:05:13.581 GMT+0300	1.61689	1.61663	1	1
01.01.2010 01:05:13.931 GMT+0300	1.61685	1.6166	2	1
01.01.2010 01:05:21.159 GMT+0300	1.6168	1.61655	1	5.2
01.01.2010 01:05:53.981 GMT+0300	1.61676	1.61651	1.5	1.7
01.01.2010 01:05:57.150 GMT+0300	1.61665	1.61645	1	1
01.01.2010 01:05:57.200 GMT+0300	1.61654	1.61634	1	1
01.01.2010 01:05:57.251 GMT+0300	1.61646	1.61621	1	1
01.01.2010 01:05:59.050 GMT+0300	1.6164	1.61614	1	5.8
01.01.2010 01:06:00.823 GMT+0300	1.6169	1.6167	1	1
01.01.2010 01:06:03.681 GMT+0300	1.6169	1.6167	1	1.6
01.01.2010 01:06:05.841 GMT+0300	1.61685	1.61675	1	1
01.01.2010 01:06:07.041 GMT+0300	1.61685	1.61675	1.6	2.9
01.01.2010 01:06:07.991 GMT+0300	1.61685	1.61675	1	1
01.01.2010 01:06:08.331 GMT+0300	1.61688	1.61672	1	4.2
01.01.2010 01:06:08.691 GMT+0300	1.61685	1.61675	1	1.7
01.01.2010 01:06:09.270 GMT+0300	1.61688	1.61672	2	2.5
01.01.2010 01:06:10.070 GMT+0300	1.61685	1.61675	1.9	1
01.01.2010 01:06:18.918 GMT+0300	1.6169	1.6167	2.9	1
01.01.2010 01:06:19.948 GMT+0300	1.61685	1.61675	1	10.7
01.01.2010 01:06:20.298 GMT+0300	1.61688	1.61672	1	1
01.01.2010 01:06:20.818 GMT+0300	1.61685	1.61675	1	1.6
01.01.2010 01:07:27.869 GMT+0300	1.61685	1.61675	1	1
01.01.2010 01:07:28.039 GMT+0300	1.61688	1.61672	1	1
01.01.2010 01:07:28.219 GMT+0300	1.61688	1.61672	2.1	1.1
01.01.2010 01:07:28.339 GMT+0300	1.61688	1.61672	1	32
01.01.2010 01:07:28.509 GMT+0300	1.61688	1.61672	1	1
01.01.2010 01:07:28.629 GMT+0300	1.61688	1.61672	4.2	4
01.01.2010 01:07:28.959 GMT+0300	1.61685	1.61675	1	20.8
01.01.2010 01:07:32.508 GMT+0300	1.61688	1.61672	1	1.6
01.01.2010 01:07:42.546 GMT+0300	1.61688	1.61672	1	8.8
01.01.2010 01:07:47.875 GMT+0300	1.61688	1.61672	2.1	1
01.01.2010 01:07:52.194 GMT+0300	1.6169	1.6167	1	1
01.01.2010 01:07:52.523 GMT+0300	1.61688	1.61672	1	1
01.01.2010 01:08:02.090 GMT+0300	1.61688	1.61672	1.6	1
01.01.2010 01:08:03.080 GMT+0300	1.61688	1.61672	1	7.8
01.01.2010 01:08:07.289 GMT+0300	1.6169	1.6167	1	3.6
01.01.2010 01:08:08.439 GMT+0300	1.61688	1.61672	1	1.6
01.01.2010 01:08:10.548 GMT+0300	1.61693	1.61667	1	39.8
01.01.2010 01:08:12.268 GMT+0300	1.61693	1.61667	1	1
01.01.2010 01:08:12.627 GMT+0300	1.61693	1.61667	1	1.7
01.01.2010 01:08:15.637 GMT+0300	1.61693	1.61667	1	1.9
01.01.2010 01:08:15.756 GMT+0300	1.61695	1.61665	1	1
01.01.2010 01:08:15.816 GMT+0300	1.61693	1.61667	2.4	1
01.01.2010 01:08:16.146 GMT+0300	1.61693	1.61667	1	7.8
01.01.2010 01:08:19.576 GMT+0300	1.61693	1.61667	1	1
01.01.2010 01:08:40.811 GMT+0300	1.61693	1.61667	1	1.7
01.01.2010 01:08:49.139 GMT+0300	1.61693	1.61667	1	1
01.01.2010 01:08:52.288 GMT+0300	1.61693	1.61667	1	2
01.01.2010 01:08:58.377 GMT+0300	1.61693	1.61667	1	1
01.01.2010 01:09:06.198 GMT+0300	1.61693	1.61667	1	12.8
01.01.2010 01:09:06.708 GMT+0300	1.61693	1.61667	1	1
01.01.2010 01:09:07.168 GMT+0300	1.61693	1.61667	1	1.1
01.01.2010 01:09:08.847 GMT+0300	1.61693	1.61667	2.7	1
01.01.2010 01:09:09.177 GMT+0300	1.61693	1.61667	1	1
01.01.2010 01:09:41.119 GMT+0300	1.61693	1.61667	1	4.3
01.01.2010 01:09:46.538 GMT+0300	1.61693	1.61667	1	1
01.01.2010 01:10:42.209 GMT+0300	1.61693	1.61667	1	8.8
01.01.2010 01:10:43.768 GMT+0300	1.61693	1.61667	1	1
01.01.2010 01:10:44.738 GMT+0300	1.61693	1.61667	2	1.6
01.01.2010 01:10:46.768 GMT+0300	1.61695	1.61665	1	8.8
01.01.2010 01:11:12.442 GMT+0300	1.61695	1.61665	1	2.7
01.01.2010 01:11:15.470 GMT+0300	1.61695	1.61665	2.1	8.8
01.01.2010 01:12:12.594 GMT+0300	1.61695	1.61665	1	32
01.01.2010 01:12:12.834 GMT+0300	1.61695	1.61665	1	2.6
01.01.2010 01:12:14.194 GMT+0300	1.61695	1.61665	1	1
01.01.2010 01:12:14.474 GMT+0300	1.61692	1.61668	2	1.6
01.01.2010 01:12:19.832 GMT+0300	1.61698	1.61662	1	6.2
01.01.2010 01:12:20.172 GMT+0300	1.61695	1.61665	1	1
01.01.2010 01:12:20.222 GMT+0300	1.61695	1.61665	1	1.6
01.01.2010 01:12:28.730 GMT+0300	1.61695	1.61665	2.1	2.8
01.01.2010 01:12:29.010 GMT+0300	1.61693	1.61667	1	2.6
01.01.2010 01:12:30.500 GMT+0300	1.61693	1.61667	1.6	7.2
01.01.2010 01:12:31.669 GMT+0300	1.61693	1.61667	1	1.6
01.01.2010 01:12:32.070 GMT+0300	1.61695	1.61665	1	1
01.01.2010 01:12:32.129 GMT+0300	1.61692	1.61668	1	1.6
01.01.2010 01:12:32.249 GMT+0300	1.61692	1.61668	1	1
01.01.2010 01:13:06.281 GMT+0300	1.61695	1.61665	1	1.6
01.01.2010 01:13:16.169 GMT+0300	1.61695	1.61665	1	1
01.01.2010 01:13:17.178 GMT+0300	1.61695	1.61665	1	1.6
01.01.2010 01:13:17.288 GMT+0300	1.61695	1.61665	2	1
01.01.2010 01:13:17.398 GMT+0300	1.61692	1.61668	1	1
01.01.2010 01:13:17.628 GMT+0300	1.6169	1.6167	1	3.4
01.01.2010 01:13:22.967 GMT+0300	1.61692	1.61668	1	39.3
01.01.2010 01:13:36.903 GMT+0300	1.6169	1.6167	1.6	1.6
01.01.2010 01:13:37.073 GMT+0300	1.61687	1.61673	1	30.4
01.01.2010 01:13:37.124 GMT+0300	1.61687	1.61673	1	1.7
01.01.2010 01:13:46.841 GMT+0300	1.61692	1.61668	1	1.7
01.01.2010 01:13:46.951 GMT+0300	1.61692	1.61668	2.8	1
01.01.2010 01:13:47.051 GMT+0300	1.61695	1.61665	1	1
01.01.2010 01:13:47.111 GMT+0300	1.61695	1.61665	1	29.6
01.01.2010 01:13:49.070 GMT+0300	1.61695	1.61665	1	1
01.01.2010 01:13:57.229 GMT+0300	1.61698	1.61662	1	24.7
01.01.2010 01:13:57.279 GMT+0300	1.61698	1.61662	1	1
01.01.2010 01:13:57.749 GMT+0300	1.61698	1.61662	1	2.4
01.01.2010 01:14:03.958 GMT+0300	1.61695	1.61665	1	12.4
01.01.2010 01:14:10.667 GMT+0300	1.61695	1.61665	1	1.6
01.01.2010 01:14:26.633 GMT+0300	1.61698	1.61662	1.9	4.4
01.01.2010 01:14:34.901 GMT+0300	1.61695	1.61665	1	15.4
01.01.2010 01:14:35.311 GMT+0300	1.61692	1.61668	1.7	1.6
01.01.2010 01:14:41.709 GMT+0300	1.61692	1.61668	1	1
01.01.2010 01:14:41.759 GMT+0300	1.61692	1.61668	1	1.8
01.01.2010 01:14:41.929 GMT+0300	1.61692	1.61668	1	3.6
01.01.2010 01:14:45.338 GMT+0300	1.61692	1.61668	1	3.2
01.01.2010 01:15:06.165 GMT+0300	1.61685	1.61661	1	34
01.01.2010 01:15:09.764 GMT+0300	1.61676	1.61656	1	1
01.01.2010 01:15:18.842 GMT+0300	1.61672	1.61647	1	1.6
01.01.2010 01:15:29.120 GMT+0300	1.61668	1.61643	1.9	1
01.01.2010 01:15:29.390 GMT+0300	1.61664	1.61644	1.3	2.2
01.01.2010 01:15:31.929 GMT+0300	1.6166	1.61645	1	5.6
01.01.2010 01:15:32.039 GMT+0300	1.61662	1.61642	1	30
01.01.2010 01:15:32.329 GMT+0300	1.61659	1.61639	1	4.4
01.01.2010 01:15:34.048 GMT+0300	1.61658	1.61638	1	2.4
01.01.2010 01:15:34.159 GMT+0300	1.61654	1.61634	1	9
01.01.2010 01:15:34.329 GMT+0300	1.61649	1.61629	1	1
01.01.2010 01:15:35.098 GMT+0300	1.61647	1.61627	2	2.8
01.01.2010 01:15:36.338 GMT+0300	1.61645	1.6162	1	18.6
01.01.2010 01:15:36.748 GMT+0300	1.61641	1.61616	1	30.5
01.01.2010 01:15:36.808 GMT+0300	1.61637	1.61612	1	1
01.01.2010 01:16:11.568 GMT+0300	1.61635	1.61609	1	20
01.01.2010 01:16:20.693 GMT+0300	1.61639	1.61614	1	1.6
01.01.2010 01:16:30.452 GMT+0300	1.61643	1.61618	7.1	4.2
01.01.2010 01:16:33.722 GMT+0300	1.61644	1.61624	1	1
01.01.2010 01:16:33.862 GMT+0300	1.61646	1.61616	4.2	4.8
01.01.2010 01:16:37.581 GMT+0300	1.6164	1.61615	1	1.8
01.01.2010 01:16:45.228 GMT+0300	1.6164	1.6161	2.1	2.8
01.01.2010 01:16:53.506 GMT+0300	1.61636	1.6161	2.9	1
01.01.2010 01:17:40.837 GMT+0300	1.61695	1.61665	1	1.7
01.01.2010 01:17:57.453 GMT+0300	1.61695	1.61665	1	1.6
01.01.2010 01:18:03.088 GMT+0300	1.61692	1.61668	1	1.9
01.01.2010 01:18:03.308 GMT+0300	1.61692	1.61668	1	1.6
01.01.2010 01:18:03.987 GMT+0300	1.61692	1.61668	1	1
01.01.2010 01:18:05.837 GMT+0300	1.61695	1.61665	3.5	1.7
01.01.2010 01:18:06.126 GMT+0300	1.61693	1.61667	1	1.6
01.01.2010 01:18:06.296 GMT+0300	1.61695	1.61665	1	1.6
01.01.2010 01:18:10.186 GMT+0300	1.61693	1.61667	1	2.5
01.01.2010 01:18:11.385 GMT+0300	1.61693	1.61667	1	1
01.01.2010 01:18:12.145 GMT+0300	1.61695	1.61665	1	1.7
01.01.2010 01:18:13.705 GMT+0300	1.61695	1.61665	1.9	1
01.01.2010 01:18:18.694 GMT+0300	1.61695	1.61665	1	1.6
01.01.2010 01:18:21.603 GMT+0300	1.61695	1.61665	2.3	1
01.01.2010 01:18:29.831 GMT+0300	1.61695	1.61665	1	1
01.01.2010 01:18:32.860 GMT+0300	1.61693	1.61667	1	1.1
01.01.2010 01:18:38.099 GMT+0300	1.61693	1.61667	1	1
01.01.2010 01:18:39.639 GMT+0300	1.61693	1.61667	1	1
01.01.2010 01:18:39.979 GMT+0300	1.61693	1.61667	1	1
01.01.2010 01:18:42.938 GMT+0300	1.61693	1.61667	1	1
01.01.2010 01:18:52.246 GMT+0300	1.61693	1.61667	1	8.7
01.01.2010 01:19:06.702 GMT+0300	1.61693	1.61667	1	4.8
01.01.2010 01:19:07.641 GMT+0300	1.61693	1.61667	1.9	2.5
01.01.2010 01:19:08.432 GMT+0300	1.61692	1.61668	1	1
01.01.2010 01:19:13.960 GMT+0300	1.61693	1.61667	1	9.2
01.01.2010 01:19:18.209 GMT+0300	1.61693	1.61667	1	8.8
01.01.2010 01:19:35.485 GMT+0300	1.61693	1.61667	1	5.8
01.01.2010 01:19:39.284 GMT+0300	1.61693	1.61667	3.3	2.4
01.01.2010 01:19:40.034 GMT+0300	1.61693	1.61667	1	1.6
01.01.2010 01:19:58.599 GMT+0300	1.61692	1.61668	1.6	1
01.01.2010 01:19:58.659 GMT+0300	1.61692	1.61668	1	10.8
01.01.2010 01:19:59.578 GMT+0300	1.61692	1.61668	2.3	1.6
01.01.2010 01:20:00.448 GMT+0300	1.61692	1.61668	1	14.5
01.01.2010 01:20:00.508 GMT+0300	1.61692	1.61668	1	12
01.01.2010 01:20:01.548 GMT+0300	1.61692	1.61668	1	4.2
01.01.2010 01:20:05.097 GMT+0300	1.61692	1.61668	1	1
01.01.2010 01:20:12.965 GMT+0300	1.61692	1.61668	1	1
01.01.2010 01:20:13.075 GMT+0300	1.61687	1.61673	1	1
01.01.2010 01:20:13.305 GMT+0300	1.6169	1.6167	2.4	1
01.01.2010 01:20:13.415 GMT+0300	1.6169	1.6167	1	5.6
01.01.2010 01:20:17.774 GMT+0300	1.61695	1.61665	1	1
01.01.2010 01:20:18.704 GMT+0300	1.61695	1.61665	1	9.1
01.01.2010 01:20:19.404 GMT+0300	1.61695	1.61665	4.2	4.1
01.01.2010 01:20:31.571 GMT+0300	1.61695	1.61665	1	1.6
01.01.2010 01:20:31.621 GMT+0300	1.61693	1.61667	1	1.6
01.01.2010 01:20:32.830 GMT+0300	1.61693	1.61667	1	32
01.01.2010 01:20:33.060 GMT+0300	1.61693	1.61667	1	1.3
01.01.2010 01:20:38.359 GMT+0300	1.61693	1.61667	1.6	1
01.01.2010 01:20:39.739 GMT+0300	1.61695	1.61665	1	8.1
01.01.2010 01:20:41.008 GMT+0300	1.61695	1.61665	1	4
01.01.2010 01:20:41.168 GMT+0300	1.61695	1.61665	1	1
01.01.2010 01:20:41.938 GMT+0300	1.61695	1.61665	1	1
01.01.2010 01:21:12.111 GMT+0300	1.6169	1.61664	1	2.5
01.01.2010 01:21:12.451 GMT+0300	1.61683	1.61663	2	1.6
01.01.2010 01:21:31.036 GMT+0300	1.61679	1.61659	1	1
01.01.2010 01:21:53.811 GMT+0300	1.61676	1.61656	1	6
01.01.2010 01:21:53.991 GMT+0300	1.61672	1.61652	4.2	9.2
01.01.2010 01:21:54.161 GMT+0300	1.61666	1.61646	1	2.2
01.01.2010 01:21:54.501 GMT+0300	1.61658	1.61643	1.6	1
01.01.2010 01:21:58.620 GMT+0300	1.61655	1.6163	1	1
01.01.2010 01:21:58.849 GMT+0300	1.61645	1.6162	1	1
01.01.2010 01:21:59.069 GMT+0300	1.61635	1.6162	1	1
01.01.2010 01:22:17.584 GMT+0300	1.61688	1.61672	1	1.8
01.01.2010 01:22:18.924 GMT+0300	1.6169	1.6167	1	9
01.01.2010 01:22:19.194 GMT+0300	1.6169	1.6167	1	5.6
01.01.2010 01:22:21.184 GMT+0300	1.6169	1.6167	1.3	5.7
01.01.2010 01:22:21.413 GMT+0300	1.6169	1.6167	1	4.8
01.01.2010 01:22:30.051 GMT+0300	1.6169	1.6167	1	1.6
01.01.2010 01:22:30.971 GMT+0300	1.6169	1.6167	1	1.7
01.01.2010 01:22:31.081 GMT+0300	1.6169	1.6167	1	1
01.01.2010 01:22:31.550 GMT+0300	1.6169	1.6167	1	1
01.01.2010 01:22:31.661 GMT+0300	1.6169	1.6167	1	1
01.01.2010 01:22:46.947 GMT+0300	1.61685	1.61675	1	1
01.01.2010 01:22:50.766 GMT+0300	1.6169	1.6167	1	1.8
01.01.2010 01:22:50.816 GMT+0300	1.6169	1.6167	1	3.2
01.01.2010 01:22:50.996 GMT+0300	1.6169	1.6167	1.2	8.9
01.01.2010 01:23:11.616 GMT+0300	1.61685	1.61675	1	4.4
01.01.2010 01:23:43.659 GMT+0300	1.6169	1.6167	1	1.7
01.01.2010 01:23:51.007 GMT+0300	1.6169	1.6167	4.6	10
01.01.2010 01:24:04.735 GMT+0300	1.6169	1.6167	1	1.6
01.01.2010 01:24:05.005 GMT+0300	1.61693	1.61667	1	1
01.01.2010 01:24:05.185 GMT+0300	1.61693	1.61667	1	1
01.01.2010 01:24:42.746 GMT+0300	1.61693	1.61667	1	8.7
01.01.2010 01:25:31.878 GMT+0300	1.61695	1.61665	1	7.6
01.01.2010 01:25:33.778 GMT+0300	1.61695	1.61665	1	1
01.01.2010 01:25:54.413 GMT+0300	1.6169	1.6167	1	1
01.01.2010 01:26:17.323 GMT+0300	1.61685	1.61675	1	1
01.01.2010 01:26:45.386 GMT+0300	1.61692	1.61668	1	32
01.01.2010 01:26:46.356 GMT+0300	1.61695	1.61665	1	1
01.01.2010 01:27:00.946 GMT+0300	1.61698	1.61662	2.1	1
01.01.2010 01:27:11.964 GMT+0300	1.61698	1.61662	1	11
01.01.2010 01:27:20.201 GMT+0300	1.61695	1.61665	1	3.2
01.01.2010 01:27:27.970 GMT+0300	1.61693	1.61667	2.1	1.1
01.01.2010 01:27:28.260 GMT+0300	1.61693	1.61667	1	1
01.01.2010 01:28:19.783 GMT+0300	1.61695	1.61665	1	1
01.01.2010 01:28:24.882 GMT+0300	1.61698	1.61662	1	1.7
01.01.2010 01:28:25.451 GMT+0300	1.61695	1.61665	1	3.3
01.01.2010 01:28:42.088 GMT+0300	1.61695	1.61665	1	40.5
01.01.2010 01:28:42.198 GMT+0300	1.61695	1.61665	1	1.6
01.01.2010 01:28:51.156 GMT+0300	1.61693	1.61667	1	2.4
01.01.2010 01:29:02.582 GMT+0300	1.61693	1.61667	1	24
01.01.2010 01:29:10.760 GMT+0300	1.61693	1.61667	1	1
01.01.2010 01:29:30.495 GMT+0300	1.61693	1.61667	1	3.2
01.01.2010 01:29:53.970 GMT+0300	1.61693	1.61667	2	1
01.01.2010 01:29:54.079 GMT+0300	1.61693	1.61667	2.3	2.6
01.01.2010 01:29:54.199 GMT+0300	1.61695	1.61665	1	6.6
01.01.2010 01:29:54.930 GMT+0300	1.61695	1.61665	1	36
01.01.2010 01:29:55.099 GMT+0300	1.61695	1.61665	1	9
01.01.2010 01:29:55.379 GMT+0300	1.61698	1.61662	1	1
01.01.2010 01:29:55.499 GMT+0300	1.61698	1.61662	1	2.4
01.01.2010 01:30:01.084 GMT+0300	1.61698	1.61662	1	2.5
01.01.2010 01:30:02.804 GMT+0300	1.61695	1.61665	1	1
01.01.2010 01:30:03.844 GMT+0300	1.61695	1.61665	1	1
01.01.2010 01:30:04.244 GMT+0300	1.61695	1.61665	4.4	10
01.01.2010 01:30:04.794 GMT+0300	1.61695	1.61665	1	1.6
01.01.2010 01:30:05.083 GMT+0300	1.61698	1.61662	1	2.7
01.01.2010 01:30:06.003 GMT+0300	1.61695	1.61665	1	1
01.01.2010 01:30:06.923 GMT+0300	1.61695	1.61665	1	1
01.01.2010 01:30:07.213 GMT+0300	1.61698	1.61662	1	1
01.01.2010 01:30:11.632 GMT+0300	1.61695	1.61665	1	2.8
01.01.2010 01:30:33.826 GMT+0300	1.61695	1.61665	1	28.8
01.01.2010 01:30:34.236 GMT+0300	1.61695	1.61665	1	22.5
01.01.2010 01:30:48.673 GMT+0300	1.61698	1.61662	2.2	1
01.01.2010 01:30:49.653 GMT+0300	1.617	1.6166	1	20.2
01.01.2010 01:30:53.702 GMT+0300	1.61698	1.61662	1.6	5.6
01.01.2010 01:31:04.363 GMT+0300	1.61695	1.61665	1	12.1
01.01.2010 01:31:05.523 GMT+0300	1.61695	1.61665	2	1
01.01.2010 01:31:06.893 GMT+0300	1.61695	1.61665	1	3.1
01.01.2010 01:31:16.241 GMT+0300	1.61695	1.61665	1	30.4
01.01.2010 01:31:38.955 GMT+0300	1.61695	1.61665	1	3.2
01.01.2010 01:31:42.544 GMT+0300	1.61698	1.61662	1	1
01.01.2010 01:31:45.743 GMT+0300	1.61695	1.61665	1	1
01.01.2010 01:31:56.001 GMT+0300	1.61693	1.61667	1	6.1
01.01.2010 01:32:00.583 GMT+0300	1.61693	1.61667	1	4.9
01.01.2010 01:32:00.823 GMT+0300	1.61695	1.61665	1.6	1
01.01.2010 01:32:10.231 GMT+0300	1.61695	1.61665	1	1.6
01.01.2010 01:32:20.008 GMT+0300	1.61693	1.61667	1	1.6
01.01.2010 01:32:30.286 GMT+0300	1.61695	1.61665	1	6.4
01.01.2010 01:32:30.976 GMT+0300	1.61695	1.61665	1	2
01.01.2010 01:32:32.016 GMT+0300	1.61695	1.61665	4.7	1
01.01.2010 01:32:43.343 GMT+0300	1.61693	1.61667	1.7	1.2
01.01.2010 01:32:43.682 GMT+0300	1.6169	1.6167	2.1	1
01.01.2010 01:32:44.082 GMT+0300	1.61693	1.61667	1	1
01.01.2010 01:32:44.262 GMT+0300	1.61693	1.61667	1	1.6
01.01.2010 01:32:44.812 GMT+0300	1.61685	1.61675	1	1
01.01.2010 01:32:46.522 GMT+0300	1.61685	1.61675	1	5.2
01.01.2010 01:32:46.862 GMT+0300	1.61688	1.61672	3.9	4
01.01.2010 01:32:47.661 GMT+0300	1.61688	1.61672	1	7.1
01.01.2010 01:32:47.891 GMT+0300	1.61693	1.61667	1	25.6
01.01.2010 01:32:48.122 GMT+0300	1.61695	1.61665	1	1.3
01.01.2010 01:32:52.321 GMT+0300	1.61695	1.61665	1.3	1.7
01.01.2010 01:32:56.320 GMT+0300	1.61692	1.61668	1	1
01.01.2010 01:32:56.549 GMT+0300	1.61692	1.61668	1	35.2
01.01.2010 01:32:57.069 GMT+0300	1.61692	1.61668	1.9	1
01.01.2010 01:33:03.811 GMT+0300	1.61692	1.61668	1	1.6
01.01.2010 01:33:03.911 GMT+0300	1.61692	1.61668	1	1.6
01.01.2010 01:33:04.381 GMT+0300	1.61695	1.61665	1.2	3
01.01.2010 01:33:20.497 GMT+0300	1.61695	1.61665	1	1.6
01.01.2010 01:33:23.526 GMT+0300	1.61695	1.61665	1	8.8
01.01.2010 01:33:23.816 GMT+0300	1.61695	1.61665	1	1
01.01.2010 01:33:25.146 GMT+0300	1.61695	1.61665	1	20.6
01.01.2010 01:33:25.436 GMT+0300	1.61695	1.61665	1	1
01.01.2010 01:33:25.556 GMT+0300	1.61695	1.61665	1	36
01.01.2010 01:33:32.234 GMT+0300	1.61698	1.61662	1	4.1
01.01.2010 01:33:44.911 GMT+0300	1.61698	1.61662	1	32
01.01.2010 01:33:45.561 GMT+0300	1.61695	1.61665	1	1
01.01.2010 01:33:46.820 GMT+0300	1.61695	1.61665	2.1	4
01.01.2010 01:33:47.170 GMT+0300	1.617	1.6166	1	1
01.01.2010 01:33:47.760 GMT+0300	1.617	1.6166	1	3.2
01.01.2010 01:33:47.930 GMT+0300	1.61702	1.61658	1	5.6
01.01.2010 01:33:48.150 GMT+0300	1.617	1.6166	1	1
01.01.2010 01:33:51.169 GMT+0300	1.617	1.6166	1	1
01.01.2010 01:33:52.639 GMT+0300	1.617	1.6166	1	4.4
01.01.2010 01:33:53.108 GMT+0300	1.617	1.6166	1.6	1
01.01.2010 01:33:53.339 GMT+0300	1.617	1.6166	1	20.4
01.01.2010 01:34:05.138 GMT+0300	1.617	1.6166	1	9.9
01.01.2010 01:34:07.608 GMT+0300	1.617	1.6166	1	2.9
01.01.2010 01:34:07.947 GMT+0300	1.61698	1.61662	2	2.3
01.01.2010 01:34:09.957 GMT+0300	1.61698	1.61662	1	4.8
01.01.2010 01:34:10.696 GMT+0300	1.61698	1.61662	3.9	1
01.01.2010 01:34:10.807 GMT+0300	1.617	1.6166	1	1.6
01.01.2010 01:34:10.927 GMT+0300	1.617	1.6166	1	30.8
01.01.2010 01:34:23.614 GMT+0300	1.61695	1.61665	1	3.2
01.01.2010 01:34:24.663 GMT+0300	1.61695	1.61665	1	1
01.01.2010 01:34:24.843 GMT+0300	1.61695	1.61665	1	1.5
01.01.2010 01:34:31.231 GMT+0300	1.61695	1.61665	2	3.1
01.01.2010 01:34:31.562 GMT+0300	1.61695	1.61665	2.6	1.6
01.01.2010 01:34:34.101 GMT+0300	1.617	1.6166	1	1
01.01.2010 01:34:34.451 GMT+0300	1.617	1.6166	1	1
01.01.2010 01:34:35.790 GMT+0300	1.61698	1.61662	1.2	5.7
01.01.2010 01:34:36.190 GMT+0300	1.61698	1.61662	1	3.3
01.01.2010 01:34:36.351 GMT+0300	1.61695	1.61665	1	1
01.01.2010 01:34:36.520 GMT+0300	1.61693	1.61667	1	1
01.01.2010 01:34:47.527 GMT+0300	1.61693	1.61667	1	34.4
01.01.2010 01:34:53.896 GMT+0300	1.61693	1.61667	2	1
01.01.2010 01:34:54.296 GMT+0300	1.61693	1.61667	1	1
01.01.2010 01:34:55.186 GMT+0300	1.61688	1.61672	1.6	1
01.01.2010 01:34:56.076 GMT+0300	1.61693	1.61667	1	3.1
01.01.2010 01:35:01.215 GMT+0300	1.61698	1.61662	1	1.6
01.01.2010 01:35:27.689 GMT+0300	1.61693	1.61667	1	1.6
01.01.2010 01:35:30.298 GMT+0300	1.61695	1.61665	3	1
01.01.2010 01:35:30.988 GMT+0300	1.61695	1.61665	1	1
01.01.2010 01:35:31.328 GMT+0300	1.61693	1.61667	1	1
01.01.2010 01:35:31.668 GMT+0300	1.61695	1.61665	1	3
01.01.2010 01:36:02.590 GMT+0300	1.61695	1.61665	1.3	5.7
01.01.2010 01:36:06.359 GMT+0300	1.61698	1.61662	1	2.4
01.01.2010 01:36:06.999 GMT+0300	1.617	1.6166	1	1
01.01.2010 01:36:34.422 GMT+0300	1.617	1.6166	1	3.2
01.01.2010 01:36:43.030 GMT+0300	1.61695	1.61665	1	1.6
01.01.2010 01:36:58.387 GMT+0300	1.61695	1.61665	1	1.6
01.01.2010 01:37:34.170 GMT+0300	1.61695	1.61665	1.6	1
01.01.2010 01:37:34.279 GMT+0300	1.61693	1.61667	1	1.6
01.01.2010 01:37:34.389 GMT+0300	1.61693	1.61667	1	1
01.01.2010 01:37:41.238 GMT+0300	1.61693	1.61667	1	20.7
01.01.2010 01:37:42.868 GMT+0300	1.61693	1.61667	1	3.2
01.01.2010 01:38:01.381 GMT+0300	1.61695	1.61665	1.6	3.2
01.01.2010 01:38:07.249 GMT+0300	1.61695	1.61665	1	2.5
01.01.2010 01:38:07.579 GMT+0300	1.61695	1.61665	1	9.2
01.01.2010 01:38:07.750 GMT+0300	1.6169	1.6167	1	1
01.01.2010 01:38:25.265 GMT+0300	1.61693	1.61667	1	1
01.01.2010 01:39:18.168 GMT+0300	1.61695	1.61665	1	1.6
01.01.2010 01:40:01.249 GMT+0300	1.61693	1.61667	1	1.6
01.01.2010 01:40:01.829 GMT+0300	1.6169	1.6167	1	1.6
01.01.2010 01:40:29.232 GMT+0300	1.61698	1.61662	1	1.6
01.01.2010 01:40:29.352 GMT+0300	1.61698	1.61662	1	9
01.01.2010 01:40:29.572 GMT+0300	1.61698	1.61662	1	6.6
01.01.2010 01:40:50.317 GMT+0300	1.61698	1.61662	1	1
01.01.2010 01:40:52.477 GMT+0300	1.61698	1.61662	1	37.9
01.01.2010 01:41:05.923 GMT+0300	1.61698	1.61662	1	2.4
01.01.2010 01:41:07.083 GMT+0300	1.61698	1.61662	1	1.3
01.01.2010 01:41:09.063 GMT+0300	1.61698	1.61662	1	3.2
01.01.2010 01:41:26.848 GMT+0300	1.61698	1.61662	1	1
01.01.2010 01:41:43.684 GMT+0300	1.61695	1.61665	1	1
01.01.2010 01:42:27.241 GMT+0300	1.61692	1.61668	2.1	1
01.01.2010 01:42:29.650 GMT+0300	1.61692	1.61668	1.9	1
01.01.2010 01:42:46.716 GMT+0300	1.61695	1.61665	1	29.6
01.01.2010 01:42:47.426 GMT+0300	1.61693	1.61667	1	7.3
01.01.2010 01:42:48.466 GMT+0300	1.6169	1.6167	1	1
01.01.2010 01:42:57.394 GMT+0300	1.6169	1.6167	1	1
01.01.2010 01:43:03.489 GMT+0300	1.6169	1.6167	1	37.7
01.01.2010 01:43:03.719 GMT+0300	1.6169	1.6167	1	1
01.01.2010 01:43:32.382 GMT+0300	1.6169	1.6167	1	2.4
01.01.2010 01:43:50.068 GMT+0300	1.61693	1.61667	1	4.4
01.01.2010 01:43:54.087 GMT+0300	1.61693	1.61667	1.3	1.7
01.01.2010 01:43:54.417 GMT+0300	1.61693	1.61667	1	11.5
01.01.2010 01:44:02.683 GMT+0300	1.61693	1.61667	1	15.3
01.01.2010 01:44:03.363 GMT+0300	1.6169	1.6167	1	1.6
01.01.2010 01:44:31.456 GMT+0300	1.6169	1.6167	1.2	3
01.01.2010 01:44:51.561 GMT+0300	1.6169	1.6167	1	5.6
01.01.2010 01:44:52.241 GMT+0300	1.6169	1.6167	1	1
01.01.2010 01:44:53.990 GMT+0300	1.6169	1.6167	2.1	8.8
01.01.2010 01:44:54.560 GMT+0300	1.61688	1.61672	1.6	1
01.01.2010 01:44:55.520 GMT+0300	1.61688	1.61672	1	1.3
01.01.2010 01:44:59.639 GMT+0300	1.61693	1.61667	1	1
01.01.2010 01:45:14.237 GMT+0300	1.61693	1.61667	1	2
01.01.2010 01:45:14.296 GMT+0300	1.6169	1.6167	1	1
01.01.2010 01:45:17.146 GMT+0300	1.61688	1.61672	1	1.6
01.01.2010 01:45:19.215 GMT+0300	1.6169	1.6167	1	32
01.01.2010 01:45:19.395 GMT+0300	1.6169	1.6167	1	6.4
01.01.2010 01:45:19.575 GMT+0300	1.6169	1.6167	1	3
01.01.2010 01:45:19.695 GMT+0300	1.6169	1.6167	2	1
01.01.2010 01:45:21.675 GMT+0300	1.61693	1.61667	1	28.8
01.01.2010 01:45:23.274 GMT+0300	1.61693	1.61667	1	1
01.01.2010 01:45:23.974 GMT+0300	1.61693	1.61667	1	1
01.01.2010 01:45:25.004 GMT+0300	1.61693	1.61667	1	1.2
01.01.2010 01:45:36.021 GMT+0300	1.61693	1.61667	1	18.7
01.01.2010 01:45:36.191 GMT+0300	1.61693	1.61667	1	5
01.01.2010 01:45:36.361 GMT+0300	1.61695	1.61665	1	1
01.01.2010 01:45:36.651 GMT+0300	1.61695	1.61665	1	5.6
01.01.2010 01:45:36.821 GMT+0300	1.61693	1.61667	1	1
01.01.2010 01:45:36.991 GMT+0300	1.61693	1.61667	1	3.1
01.01.2010 01:45:39.101 GMT+0300	1.61693	1.61667	2.2	2.4
01.01.2010 01:45:40.090 GMT+0300	1.61693	1.61667	3.9	1
01.01.2010 01:45:42.869 GMT+0300	1.61693	1.61667	1.3	1.7
01.01.2010 01:45:43.090 GMT+0300	1.61693	1.61667	1.8	1
01.01.2010 01:45:55.247 GMT+0300	1.61693	1.61667	2.4	1.6
01.01.2010 01:45:56.587 GMT+0300	1.61695	1.61665	1	1.8
01.01.2010 01:45:56.876 GMT+0300	1.61693	1.61667	1	1
01.01.2010 01:46:12.685 GMT+0300	1.6169	1.6167	1	1
01.01.2010 01:46:26.112 GMT+0300	1.61693	1.61667	1	1
01.01.2010 01:46:27.451 GMT+0300	1.61693	1.61667	1	1.6
01.01.2010 01:46:28.431 GMT+0300	1.61693	1.61667	1	1
01.01.2010 01:46:32.410 GMT+0300	1.6169	1.6167	1	8.9
01.01.2010 01:46:32.830 GMT+0300	1.6169	1.6167	2.7	2.8
01.01.2010 01:46:42.138 GMT+0300	1.6169	1.6167	1	1.6
01.01.2010 01:46:44.771 GMT+0300	1.6169	1.6167	1	25.6
01.01.2010 01:47:03.157 GMT+0300	1.6169	1.6167	1	1
01.01.2010 01:47:08.336 GMT+0300	1.61693	1.61667	1	5.6
01.01.2010 01:47:08.446 GMT+0300	1.61695	1.61665	2	1.2
01.01.2010 01:47:08.686 GMT+0300	1.61695	1.61665	1	1.6
01.01.2010 01:47:10.706 GMT+0300	1.61695	1.61665	2.1	2.8
01.01.2010 01:47:20.143 GMT+0300	1.61695	1.61665	1	23.7
01.01.2010 01:47:28.811 GMT+0300	1.61695	1.61665	1	1.6
01.01.2010 01:47:31.501 GMT+0300	1.61695	1.61665	1	1
01.01.2010 01:47:37.039 GMT+0300	1.61695	1.61665	4.8	1
01.01.2010 01:47:37.949 GMT+0300	1.61692	1.61668	1	1
01.01.2010 01:47:39.139 GMT+0300	1.61695	1.61665	1	25.6
01.01.2010 01:47:40.078 GMT+0300	1.61695	1.61665	1	1
01.01.2010 01:47:40.179 GMT+0300	1.61693	1.61667	1	23.7
01.01.2010 01:47:40.298 GMT+0300	1.61693	1.61667	1.2	24
01.01.2010 01:47:41.578 GMT+0300	1.61693	1.61667	1	12.8
01.01.2010 01:47:51.706 GMT+0300	1.61693	1.61667	1	1.6
01.01.2010 01:47:54.015 GMT+0300	1.61693	1.61667	1.1	1
01.01.2010 01:47:54.175 GMT+0300	1.61695	1.61665	1	1.6
01.01.2010 01:47:54.355 GMT+0300	1.61695	1.61665	1	1
01.01.2010 01:47:55.035 GMT+0300	1.61695	1.61665	2	1
01.01.2010 01:47:58.074 GMT+0300	1.61692	1.61668	1	1.9
01.01.2010 01:47:59.114 GMT+0300	1.61695	1.61665	1	1
01.01.2010 01:48:06.175 GMT+0300	1.617	1.6166	1.2	1
01.01.2010 01:48:08.514 GMT+0300	1.61698	1.61662	1	1
01.01.2010 01:48:16.212 GMT+0300	1.61698	1.61662	1	23.7
01.01.2010 01:48:16.722 GMT+0300	1.61698	1.61662	1	8.8
01.01.2010 01:48:17.872 GMT+0300	1.61698	1.61662	1	1.6
01.01.2010 01:48:18.102 GMT+0300	1.61698	1.61662	1	1.6
01.01.2010 01:48:18.751 GMT+0300	1.61698	1.61662	1	4
01.01.2010 01:48:19.082 GMT+0300	1.61695	1.61665	1	1.3
01.01.2010 01:48:33.668 GMT+0300	1.61698	1.61662	1	30.5
01.01.2010 01:48:39.386 GMT+0300	1.61695	1.61665	1	2.4
01.01.2010 01:48:39.617 GMT+0300	1.61695	1.61665	1.3	2.2
01.01.2010 01:48:51.174 GMT+0300	1.61693	1.61667	1	1
01.01.2010 01:49:47.169 GMT+0300	1.61695	1.61665	1	1
01.01.2010 01:49:47.349 GMT+0300	1.61695	1.61665	1	1
01.01.2010 01:49:47.649 GMT+0300	1.617	1.6166	1	5.2
01.01.2010 01:49:48.289 GMT+0300	1.61698	1.61662	4.6	10
01.01.2010 01:50:13.409 GMT+0300	1.61698	1.61662	1	5.6
01.01.2010 01:50:25.106 GMT+0300	1.61698	1.61662	2	1
01.01.2010 01:50:25.226 GMT+0300	1.61698	1.61662	1	1.6
01.01.2010 01:50:35.144 GMT+0300	1.61695	1.61665	1	2
01.01.2010 01:50:35.894 GMT+0300	1.61695	1.61665	1	1.7
01.01.2010 01:50:36.524 GMT+0300	1.61695	1.61665	1	1
01.01.2010 01:50:49.440 GMT+0300	1.61692	1.61668	1	1
01.01.2010 01:50:52.190 GMT+0300	1.6169	1.6167	1.9	1.2
01.01.2010 01:50:52.999 GMT+0300	1.61695	1.61665	1	4.1
01.01.2010 01:50:53.289 GMT+0300	1.61692	1.61668	2.1	2.8
01.01.2010 01:50:56.589 GMT+0300	1.61692	1.61668	1	1
01.01.2010 01:50:58.128 GMT+0300	1.6169	1.6167	1	32.8
01.01.2010 01:51:23.252 GMT+0300	1.61692	1.61668	3	1
01.01.2010 01:51:23.591 GMT+0300	1.61692	1.61668	2.1	1
01.01.2010 01:51:23.941 GMT+0300	1.61695	1.61665	1	1
01.01.2010 01:51:24.051 GMT+0300	1.61695	1.61665	2	1
01.01.2010 01:51:24.111 GMT+0300	1.61695	1.61665	1	1.6
01.01.2010 01:51:24.341 GMT+0300	1.61693	1.61667	1	1.6
01.01.2010 01:51:24.442 GMT+0300	1.61695	1.61665	2.2	1
01.01.2010 01:51:54.444 GMT+0300	1.61693	1.61667	1	1
01.01.2010 01:52:00.249 GMT+0300	1.61695	1.61665	1	12.1
01.01.2010 01:52:01.849 GMT+0300	1.61693	1.61667	1	10.5
01.01.2010 01:52:23.453 GMT+0300	1.61695	1.61665	1.7	2.9
01.01.2010 01:52:26.683 GMT+0300	1.61695	1.61665	1.3	5.1
01.01.2010 01:52:26.913 GMT+0300	1.61695	1.61665	1	2
01.01.2010 01:52:55.036 GMT+0300	1.61695	1.61665	1	1
01.01.2010 01:52:55.326 GMT+0300	1.61695	1.61665	1	1.6
01.01.2010 01:52:55.726 GMT+0300	1.61698	1.61662	1	1
01.01.2010 01:53:06.365 GMT+0300	1.61698	1.61662	2.4	1
01.01.2010 01:53:07.975 GMT+0300	1.61698	1.61662	1	1
01.01.2010 01:53:17.362 GMT+0300	1.61698	1.61662	1	20.4
01.01.2010 01:53:20.182 GMT+0300	1.61698	1.61662	1	20.8
01.01.2010 01:53:26.440 GMT+0300	1.61698	1.61662	1	10.8
01.01.2010 01:53:37.898 GMT+0300	1.61695	1.61665	1	6
01.01.2010 01:54:08.379 GMT+0300	1.61695	1.61665	1	1.6
01.01.2010 01:54:18.547 GMT+0300	1.61695	1.61665	1	2.4
01.01.2010 01:54:24.295 GMT+0300	1.61695	1.61665	1	1
01.01.2010 01:54:24.645 GMT+0300	1.61695	1.61665	1	1.6
01.01.2010 01:54:27.485 GMT+0300	1.61695	1.61665	1	5.6
01.01.2010 01:54:29.504 GMT+0300	1.61692	1.61668	1	34
01.01.2010 01:54:29.804 GMT+0300	1.61693	1.61667	1	8.8
01.01.2010 01:54:30.154 GMT+0300	1.6169	1.6167	1	1
01.01.2010 01:54:33.293 GMT+0300	1.61692	1.61668	1	4.1
01.01.2010 01:54:40.521 GMT+0300	1.61692	1.61668	1	3.2
01.01.2010 01:54:40.631 GMT+0300	1.61695	1.61665	1	1
01.01.2010 01:54:40.741 GMT+0300	1.61695	1.61665	2.1	29.2
01.01.2010 01:54:40.911 GMT+0300	1.61695	1.61665	3.9	4
01.01.2010 01:54:41.022 GMT+0300	1.61698	1.61662	1	3.2
01.01.2010 01:54:42.001 GMT+0300	1.61698	1.61662	1	1
01.01.2010 01:54:42.381 GMT+0300	1.61698	1.61662	1	3.2
01.01.2010 01:54:42.731 GMT+0300	1.61698	1.61662	1	1
01.01.2010 01:54:43.731 GMT+0300	1.61698	1.61662	1	8.8
01.01.2010 01:54:51.479 GMT+0300	1.61698	1.61662	1	38.9
01.01.2010 01:54:52.099 GMT+0300	1.61698	1.61662	1	3.2
01.01.2010 01:54:57.407 GMT+0300	1.61698	1.61662	1	1
01.01.2010 01:55:01.623 GMT+0300	1.61698	1.61662	1	1
01.01.2010 01:55:51.802 GMT+0300	1.61695	1.61665	1	1.6
01.01.2010 01:56:01.853 GMT+0300	1.61693	1.61667	1	6.6
01.01.2010 01:56:01.903 GMT+0300	1.6169	1.6167	1	1
01.01.2010 01:56:02.023 GMT+0300	1.61692	1.61668	1	1
01.01.2010 01:56:02.083 GMT+0300	1.61695	1.61665	1	1.6
01.01.2010 01:56:02.193 GMT+0300	1.6169	1.6167	1	20.6
01.01.2010 01:56:02.253 GMT+0300	1.6169	1.6167	1	1
01.01.2010 01:56:02.483 GMT+0300	1.6169	1.6167	2	3.2
01.01.2010 01:56:03.463 GMT+0300	1.6169	1.6167	2.2	1
01.01.2010 01:56:04.782 GMT+0300	1.6169	1.6167	1	1.6
01.01.2010 01:56:05.132 GMT+0300	1.6169	1.6167	1	37.3
01.01.2010 01:56:05.832 GMT+0300	1.61693	1.61667	1	2.4
01.01.2010 01:56:06.472 GMT+0300	1.6169	1.6167	1	1
01.01.2010 01:56:06.762 GMT+0300	1.6169	1.6167	1	8.4
01.01.2010 01:56:11.301 GMT+0300	1.61693	1.61667	4.7	1
01.01.2010 01:56:11.980 GMT+0300	1.6169	1.6167	1	1
01.01.2010 01:56:23.977 GMT+0300	1.61693	1.61667	1	1
01.01.2010 01:56:24.147 GMT+0300	1.61693	1.61667	1	1.9
01.01.2010 01:56:24.487 GMT+0300	1.6169	1.6167	1	1.6
01.01.2010 01:56:24.647 GMT+0300	1.61698	1.61662	1	5.6
01.01.2010 01:57:04.313 GMT+0300	1.61698	1.61662	1	1
01.01.2010 01:57:09.831 GMT+0300	1.61698	1.61662	1	9.4
01.01.2010 01:57:13.740 GMT+0300	1.61698	1.61662	4	1
01.01.2010 01:57:14.021 GMT+0300	1.61695	1.61665	2	2.4
01.01.2010 01:57:19.979 GMT+0300	1.61695	1.61665	1	3.2
01.01.2010 01:57:23.948 GMT+0300	1.61693	1.61667	1	4.1
01.01.2010 01:57:25.297 GMT+0300	1.61693	1.61667	1	1.6
01.01.2010 01:57:46.602 GMT+0300	1.61695	1.61665	1	1
01.01.2010 01:57:47.572 GMT+0300	1.61698	1.61662	1	2.6
01.01.2010 01:57:48.492 GMT+0300	1.61698	1.61662	1	3.1
01.01.2010 01:57:48.942 GMT+0300	1.61695	1.61665	1	1.8
01.01.2010 01:57:51.561 GMT+0300	1.61695	1.61665	1	1
01.01.2010 01:57:53.131 GMT+0300	1.61693	1.61667	1	1.6
01.01.2010 01:57:54.441 GMT+0300	1.6169	1.6167	1	1
01.01.2010 01:57:56.199 GMT+0300	1.61693	1.61667	1	8.8
01.01.2010 01:57:58.549 GMT+0300	1.61695	1.61665	1	1
01.01.2010 01:57:58.650 GMT+0300	1.61695	1.61665	1	1.6
01.01.2010 01:57:58.770 GMT+0300	1.61695	1.61665	1	1
01.01.2010 01:58:01.401 GMT+0300	1.61693	1.61667	1	2.6
01.01.2010 01:58:06.429 GMT+0300	1.61695	1.61665	1	1.7
01.01.2010 01:58:09.589 GMT+0300	1.61693	1.61667	1.4	1
01.01.2010 01:58:09.759 GMT+0300	1.61693	1.61667	2.7	2.8
01.01.2010 01:58:12.298 GMT+0300	1.61693	1.61667	1	1.6
01.01.2010 01:58:12.408 GMT+0300	1.61693	1.61667	1	1
01.01.2010 01:58:12.708 GMT+0300	1.6169	1.6167	1	1.6
01.01.2010 01:58:24.115 GMT+0300	1.61693	1.61667	1.9	1
01.01.2010 01:58:28.204 GMT+0300	1.6169	1.6167	1	4.3
01.01.2010 01:58:39.621 GMT+0300	1.61693	1.61667	1	1
01.01.2010 01:58:41.421 GMT+0300	1.6169	1.6167	1.3	1.7
01.01.2010 01:58:41.691 GMT+0300	1.6169	1.6167	1	5.6
01.01.2010 01:58:58.227 GMT+0300	1.61693	1.61667	1	1.6
01.01.2010 01:59:01.755 GMT+0300	1.6169	1.6167	1	1.6
01.01.2010 01:59:02.035 GMT+0300	1.6169	1.6167	1	1.6
01.01.2010 01:59:02.155 GMT+0300	1.61695	1.61665	1	3.2
01.01.2010 01:59:03.605 GMT+0300	1.61695	1.61665	1	1
01.01.2010 01:59:03.875 GMT+0300	1.61695	1.61665	2.5	2.5
01.01.2010 01:59:04.174 GMT+0300	1.61695	1.61665	2.4	1
01.01.2010 01:59:08.184 GMT+0300	1.61695	1.61665	1	1
01.01.2010 01:59:09.343 GMT+0300	1.61695	1.61665	1	1.8
01.01.2010 01:59:11.173 GMT+0300	1.61695	1.61665	1	2.4
01.01.2010 01:59:11.333 GMT+0300	1.61695	1.61665	1	1
01.01.2010 01:59:11.572 GMT+0300	1.61692	1.61668	1.6	9.6
01.01.2010 01:59:11.632 GMT+0300	1.61695	1.61665	1	1
01.01.2010 01:59:11.743 GMT+0300	1.61695	1.61665	1.9	1.2
01.01.2010 01:59:11.962 GMT+0300	1.61695	1.61665	1	8.8
01.01.2010 01:59:12.013 GMT+0300	1.61693	1.61667	2	4.9
01.01.2010 01:59:13.382 GMT+0300	1.61695	1.61665	1	34.1
01.01.2010 01:59:13.722 GMT+0300	1.61695	1.61665	1	16
01.01.2010 01:59:14.052 GMT+0300	1.61695	1.61665	1.6	1
01.01.2010 01:59:15.931 GMT+0300	1.61693	1.61667	1	34.1
01.01.2010 01:59:16.282 GMT+0300	1.61692	1.61668	1	27.2
01.01.2010 01:59:17.951 GMT+0300	1.61692	1.61668	1	1.6
01.01.2010 01:59:18.131 GMT+0300	1.61692	1.61668	4.4	10
01.01.2010 01:59:18.241 GMT+0300	1.61692	1.61668	1	8.8
01.01.2010 01:59:18.301 GMT+0300	1.61695	1.61665	1	3.2
01.01.2010 01:59:18.411 GMT+0300	1.61695	1.61665	1	1.6
01.01.2010 01:59:21.620 GMT+0300	1.61695	1.61665	1	1
01.01.2010 01:59:21.850 GMT+0300	1.61695	1.61665	1	20.7
01.01.2010 01:59:22.250 GMT+0300	1.61695	1.61665	1	1
01.01.2010 01:59:22.420 GMT+0300	1.61695	1.61665	1	1.6
01.01.2010 01:59:22.590 GMT+0300	1.61695	1.61665	1	1.6
01.01.2010 01:59:22.940 GMT+0300	1.61692	1.61668	2.1	2.8
01.01.2010 01:59:23.290 GMT+0300	1.61695	1.61665	1	4.3
01.01.2010 01:59:23.990 GMT+0300	1.617	1.6166	1	30.4
01.01.2010 01:59:24.670 GMT+0300	1.61693	1.61667	1	2
01.01.2010 01:59:24.969 GMT+0300	1.61693	1.61667	1	1.6
01.01.2010 01:59:25.199 GMT+0300	1.6169	1.6167	1	36
01.01.2010 01:59:25.489 GMT+0300	1.61693	1.61667	1	1
01.01.2010 01:59:27.219 GMT+0300	1.61693	1.61667	1	30.5
01.01.2010 01:59:27.449 GMT+0300	1.61693	1.61667	1	4.3
01.01.2010 01:59:27.789 GMT+0300	1.61693	1.61667	1	17
01.01.2010 01:59:28.409 GMT+0300	1.61693	1.61667	1	1.6
01.01.2010 01:59:28.578 GMT+0300	1.61695	1.61665	1	1
01.01.2010 01:59:33.368 GMT+0300	1.61695	1.61665	1	1
01.01.2010 01:59:33.897 GMT+0300	1.61695	1.61665	2.3	2.6
01.01.2010 01:59:43.405 GMT+0300	1.61695	1.61665	1	40.1
01.01.2010 01:59:43.685 GMT+0300	1.61692	1.61668	1	3.4
01.01.2010 01:59:44.035 GMT+0300	1.61695	1.61665	1	29.6
01.01.2010 01:59:48.114 GMT+0300	1.61695	1.61665	1	1
01.01.2010 01:59:49.234 GMT+0300	1.61695	1.61665	1	20.6
01.01.2010 01:59:50.303 GMT+0300	1.61695	1.61665	2.1	30.4
01.01.2010 01:59:51.123 GMT+0300	1.61695	1.61665	2.7	2.8
01.01.2010 01:59:51.583 GMT+0300	1.61695	1.61665	1	1
01.01.2010 01:59:55.912 GMT+0300	1.61695	1.61665	1	4.1
01.01.2010 01:59:56.412 GMT+0300	1.61695	1.61665	1	5.6
01.01.2010 01:59:57.372 GMT+0300	1.61695	1.61665	1	1.5
01.01.2010 01:59:57.492 GMT+0300	1.61698	1.61662	3.8	25.7
01.01.2010 01:59:58.311 GMT+0300	1.61695	1.61665	1.7	5.6
01.01.2010 02:00:02.090 GMT+0300	1.61695	1.61665	1	1
01.01.2010 02:00:02.209 GMT+0300	1.61695	1.61665	1	1
01.01.2010 02:00:02.380 GMT+0300	1.61695	1.61665	4.6	10
01.01.2010 02:00:02.790 GMT+0300	1.61695	1.61665	1	4
01.01.2010 02:00:02.960 GMT+0300	1.61695	1.61665	1	3
01.01.2010 02:00:03.080 GMT+0300	1.61693	1.61667	1	5.8
01.01.2010 02:00:03.719 GMT+0300	1.61693	1.61667	1.4	1
01.01.2010 02:00:04.599 GMT+0300	1.61693	1.61667	1.9	1.1
01.01.2010 02:00:04.959 GMT+0300	1.61693	1.61667	1	1
01.01.2010 02:00:06.649 GMT+0300	1.61693	1.61667	1	1.6
01.01.2010 02:00:08.048 GMT+0300	1.61693	1.61667	1	29.6
01.01.2010 02:00:08.228 GMT+0300	1.61693	1.61667	1	2.4
01.01.2010 02:00:15.996 GMT+0300	1.61693	1.61667	2.4	1
01.01.2010 02:00:20.215 GMT+0300	1.61693	1.61667	1	1.6
01.01.2010 02:00:24.234 GMT+0300	1.6169	1.6167	2.7	1.6
01.01.2010 02:00:24.404 GMT+0300	1.61693	1.61667	1	1.6
01.01.2010 02:00:24.624 GMT+0300	1.6169	1.6167	1	1.6
01.01.2010 02:00:27.663 GMT+0300	1.61693	1.61667	1	1.6
01.01.2010 02:00:27.833 GMT+0300	1.6169	1.6167	1	22
01.01.2010 02:00:28.013 GMT+0300	1.61688	1.61672	1	1
01.01.2010 02:00:28.693 GMT+0300	1.6169	1.6167	1.9	35.7
01.01.2010 02:00:29.223 GMT+0300	1.6169	1.6167	1	1.9
01.01.2010 02:00:29.453 GMT+0300	1.6169	1.6167	1	5.6
01.01.2010 02:00:29.803 GMT+0300	1.6169	1.6167	1	3.2
01.01.2010 02:00:30.143 GMT+0300	1.61693	1.61667	1	1.6
01.01.2010 02:00:30.483 GMT+0300	1.6169	1.6167	1	1
01.01.2010 02:00:30.723 GMT+0300	1.6169	1.6167	1	1.9
01.01.2010 02:00:36.092 GMT+0300	1.61692	1.61668	1	2.6
01.01.2010 02:00:37.831 GMT+0300	1.6169	1.6167	1	4.3
01.01.2010 02:00:39.061 GMT+0300	1.61693	1.61667	1	39.3
01.01.2010 02:00:39.471 GMT+0300	1.61693	1.61667	1	2.5
01.01.2010 02:00:39.700 GMT+0300	1.61693	1.61667	1	1
01.01.2010 02:00:40.041 GMT+0300	1.61693	1.61667	1	1
01.01.2010 02:00:40.730 GMT+0300	1.61693	1.61667	1	27.2
01.01.2010 02:00:41.170 GMT+0300	1.61693	1.61667	1	3.4
01.01.2010 02:00:41.740 GMT+0300	1.6169	1.6167	1	1
01.01.2010 02:00:47.049 GMT+0300	1.6169	1.6167	1.1	1
01.01.2010 02:00:52.737 GMT+0300	1.6169	1.6167	1	1
01.01.2010 02:00:53.127 GMT+0300	1.6169	1.6167	2.1	1.7
01.01.2010 02:00:53.477 GMT+0300	1.6169	1.6167	1	30.7
01.01.2010 02:00:53.817 GMT+0300	1.6169	1.6167	1	1
01.01.2010 02:00:53.926 GMT+0300	1.61687	1.61673	1	1
01.01.2010 02:00:54.047 GMT+0300	1.61687	1.61673	1.8	1
01.01.2010 02:00:54.167 GMT+0300	1.61688	1.61672	1	28
01.01.2010 02:00:54.337 GMT+0300	1.6169	1.6167	1	1.6
01.01.2010 02:00:54.457 GMT+0300	1.61687	1.61673	1	1.6
01.01.2010 02:00:54.807 GMT+0300	1.61687	1.61673	1	1.1
01.01.2010 02:00:55.167 GMT+0300	1.6169	1.6167	1	12.2
01.01.2010 02:01:05.395 GMT+0300	1.6169	1.6167	1	1
01.01.2010 02:01:15.533 GMT+0300	1.6169	1.6167	1	2.4
01.01.2010 02:01:17.762 GMT+0300	1.6169	1.6167	1	1.6
01.01.2010 02:01:17.932 GMT+0300	1.6169	1.6167	1	1.6
01.01.2010 02:01:18.112 GMT+0300	1.6169	1.6167	1	1
01.01.2010 02:01:20.702 GMT+0300	1.61687	1.61673	1	1.6
01.01.2010 02:01:21.291 GMT+0300	1.6169	1.6167	1	1
01.01.2010 02:01:22.501 GMT+0300	1.61695	1.61665	1	2.5
01.01.2010 02:01:22.681 GMT+0300	1.61693	1.61667	1	1.2
01.01.2010 02:01:22.851 GMT+0300	1.6169	1.6167	1	23.7
01.01.2010 02:01:24.341 GMT+0300	1.61687	1.61673	1	1
01.01.2010 02:01:24.681 GMT+0300	1.61685	1.61675	1.6	1.7
01.01.2010 02:01:32.739 GMT+0300	1.61685	1.61675	1	1
01.01.2010 02:01:40.277 GMT+0300	1.61687	1.61673	1	1.6
01.01.2010 02:01:40.577 GMT+0300	1.61685	1.61675	1	1
01.01.2010 02:01:46.245 GMT+0300	1.61687	1.61673	1	23.2
01.01.2010 02:01:46.586 GMT+0300	1.6169	1.6167	1	23.7
01.01.2010 02:01:47.025 GMT+0300	1.6169	1.6167	1	3.2
01.01.2010 02:01:47.135 GMT+0300	1.6169	1.6167	1	1
01.01.2010 02:01:47.305 GMT+0300	1.6169	1.6167	4.3	4.1
01.01.2010 02:01:47.405 GMT+0300	1.6169	1.6167	1	3.2
01.01.2010 02:01:47.525 GMT+0300	1.6169	1.6167	2.2	7.4
01.01.2010 02:01:48.665 GMT+0300	1.6169	1.6167	1	1
01.01.2010 02:02:00.517 GMT+0300	1.61687	1.61673	1	20
01.01.2010 02:02:01.467 GMT+0300	1.6169	1.6167	1	1.6
01.01.2010 02:02:02.636 GMT+0300	1.6169	1.6167	1.6	9.2
01.01.2010 02:02:02.876 GMT+0300	1.6169	1.6167	1.8	1
01.01.2010 02:02:04.426 GMT+0300	1.61693	1.61667	1	1.6
01.01.2010 02:02:42.557 GMT+0300	1.6169	1.6167	1	1
01.01.2010 02:02:53.194 GMT+0300	1.61687	1.61673	1	4.8
01.01.2010 02:02:55.454 GMT+0300	1.61687	1.61673	1	27.7
01.01.2010 02:02:57.023 GMT+0300	1.6169	1.6167	1	3.2
01.01.2010 02:02:57.193 GMT+0300	1.6169	1.6167	1.1	1
01.01.2010 02:02:58.332 GMT+0300	1.6169	1.6167	1	1.6
01.01.2010 02:02:58.443 GMT+0300	1.61695	1.61665	1	1.9
01.01.2010 02:03:00.658 GMT+0300	1.61693	1.61667	1	5.6
01.01.2010 02:03:01.007 GMT+0300	1.61693	1.61667	2	1
01.01.2010 02:03:01.237 GMT+0300	1.6169	1.6167	1.6	1
01.01.2010 02:03:08.216 GMT+0300	1.6169	1.6167	1	1
01.01.2010 02:03:09.715 GMT+0300	1.6169	1.6167	1	40.5
01.01.2010 02:03:09.995 GMT+0300	1.6169	1.6167	1	1
01.01.2010 02:03:10.235 GMT+0300	1.6169	1.6167	4.5	1
01.01.2010 02:03:10.475 GMT+0300	1.61695	1.61665	1	1
01.01.2010 02:03:11.445 GMT+0300	1.61692	1.61668	2	1
01.01.2010 02:03:11.615 GMT+0300	1.61692	1.61668	1	1
01.01.2010 02:03:11.735 GMT+0300	1.61692	1.61668	1.8	1.6
01.01.2010 02:03:14.904 GMT+0300	1.6169	1.6167	1	30.4
01.01.2010 02:03:16.594 GMT+0300	1.6169	1.6167	1	1
01.01.2010 02:03:16.924 GMT+0300	1.6169	1.6167	1	2.5
01.01.2010 02:03:16.974 GMT+0300	1.6169	1.6167	1	20.7
01.01.2010 02:03:18.883 GMT+0300	1.61688	1.61672	1	8.9
01.01.2010 02:03:19.773 GMT+0300	1.61688	1.61672	1	2.4
01.01.2010 02:03:20.933 GMT+0300	1.61688	1.61672	1	1
01.01.2010 02:03:22.832 GMT+0300	1.61688	1.61672	1	1
01.01.2010 02:03:24.732 GMT+0300	1.61688	1.61672	1	2
01.01.2010 02:03:26.852 GMT+0300	1.61688	1.61672	1	1.5
01.01.2010 02:03:28.121 GMT+0300	1.61688	1.61672	1	28.8
01.01.2010 02:03:28.291 GMT+0300	1.61688	1.61672	1	2
01.01.2010 02:03:28.801 GMT+0300	1.61692	1.61668	1	1
01.01.2010 02:03:29.071 GMT+0300	1.61692	1.61668	1	28
01.01.2010 02:03:29.861 GMT+0300	1.61692	1.61668	1	1
01.01.2010 02:03:32.580 GMT+0300	1.61692	1.61668	1	1
01.01.2010 02:03:32.860 GMT+0300	1.61692	1.61668	1	1.6
01.01.2010 02:03:35.299 GMT+0300	1.61692	1.61668	2	1
01.01.2010 02:03:35.539 GMT+0300	1.61695	1.61665	1	1
01.01.2010 02:03:35.779 GMT+0300	1.61693	1.61667	1	8.7
01.01.2010 02:03:36.169 GMT+0300	1.61693	1.61667	1.6	3
01.01.2010 02:03:40.798 GMT+0300	1.61693	1.61667	1	1
01.01.2010 02:03:41.498 GMT+0300	1.61693	1.61667	1	1
01.01.2010 02:03:42.048 GMT+0300	1.61693	1.61667	1	1.5
01.01.2010 02:03:48.486 GMT+0300	1.61693	1.61667	2	8.9
01.01.2010 02:03:48.841 GMT+0300	1.6169	1.6167	1	34.4
01.01.2010 02:03:49.056 GMT+0300	1.61693	1.61667	1	1
01.01.2010 02:03:49.936 GMT+0300	1.61695	1.61665	1	1.8
01.01.2010 02:03:50.506 GMT+0300	1.61695	1.61665	1	1
01.01.2010 02:03:50.846 GMT+0300	1.61693	1.61667	1	3.2
01.01.2010 02:03:55.744 GMT+0300	1.61693	1.61667	1	1.9
01.01.2010 02:03:56.904 GMT+0300	1.61693	1.61667	2	3.1
01.01.2010 02:03:57.814 GMT+0300	1.61693	1.61667	1	3.2
01.01.2010 02:04:10.639 GMT+0300	1.61695	1.61665	1.8	1.6
01.01.2010 02:04:12.018 GMT+0300	1.61695	1.61665	1	1
01.01.2010 02:04:12.588 GMT+0300	1.61695	1.61665	1.9	4.4
01.01.2010 02:04:13.558 GMT+0300	1.61695	1.61665	1	1
01.01.2010 02:04:18.077 GMT+0300	1.61695	1.61665	3.2	5.8
01.01.2010 02:04:23.426 GMT+0300	1.61695	1.61665	1.7	1.5
01.01.2010 02:04:23.716 GMT+0300	1.61695	1.61665	2.3	1
01.01.2010 02:04:24.535 GMT+0300	1.61695	1.61665	2.7	1.7
01.01.2010 02:04:24.865 GMT+0300	1.61695	1.61665	1.6	1
01.01.2010 02:04:27.485 GMT+0300	1.61695	1.61665	1	1
01.01.2010 02:04:29.624 GMT+0300	1.61695	1.61665	1	1
01.01.2010 02:04:30.124 GMT+0300	1.61692	1.61668	1	1
01.01.2010 02:04:30.884 GMT+0300	1.61692	1.61668	1	1
01.01.2010 02:04:33.633 GMT+0300	1.61692	1.61668	1	1
01.01.2010 02:04:33.853 GMT+0300	1.61692	1.61668	2	1
01.01.2010 02:04:34.093 GMT+0300	1.61695	1.61665	1.9	1.2
01.01.2010 02:04:38.282 GMT+0300	1.61698	1.61662	1	2.6
01.01.2010 02:04:43.491 GMT+0300	1.61695	1.61665	1	1
01.01.2010 02:04:48.050 GMT+0300	1.61695	1.61665	1	3.1
01.01.2010 02:04:48.170 GMT+0300	1.61695	1.61665	1	14.5
01.01.2010 02:04:50.349 GMT+0300	1.61695	1.61665	2	1
01.01.2010 02:04:51.849 GMT+0300	1.61698	1.61662	1.6	7.6
01.01.2010 02:04:51.968 GMT+0300	1.61695	1.61665	1	28.8
01.01.2010 02:04:53.378 GMT+0300	1.6169	1.6167	1	3.3
01.01.2010 02:04:54.158 GMT+0300	1.6169	1.6167	1	17.5
01.01.2010 02:04:54.898 GMT+0300	1.6169	1.6167	1	2.4
01.01.2010 02:04:58.177 GMT+0300	1.61695	1.61665	1	1
01.01.2010 02:04:58.517 GMT+0300	1.61692	1.61668	1	4.8
01.01.2010 02:04:58.857 GMT+0300	1.61685	1.61675	1	1
01.01.2010 02:04:59.227 GMT+0300	1.61687	1.61673	1	1.6
01.01.2010 02:04:59.577 GMT+0300	1.6169	1.6167	1	1
01.01.2010 02:05:01.712 GMT+0300	1.61688	1.61672	1	34
01.01.2010 02:05:02.002 GMT+0300	1.61688	1.61672	1.2	8.9
01.01.2010 02:05:02.802 GMT+0300	1.61685	1.61675	4	1
01.01.2010 02:05:03.442 GMT+0300	1.61688	1.61672	1	27.2
01.01.2010 02:05:05.241 GMT+0300	1.61688	1.61672	2.2	2.6
01.01.2010 02:05:06.101 GMT+0300	1.6169	1.6167	1	1.6
01.01.2010 02:05:07.591 GMT+0300	1.61693	1.61667	1	6
01.01.2010 02:05:07.760 GMT+0300	1.6169	1.6167	2.1	1
01.01.2010 02:05:08.161 GMT+0300	1.6169	1.6167	1	1
01.01.2010 02:05:09.491 GMT+0300	1.61692	1.61668	1	9.6
01.01.2010 02:05:13.330 GMT+0300	1.6169	1.6167	1.2	8.9
01.01.2010 02:05:13.450 GMT+0300	1.6169	1.6167	1.6	1
01.01.2010 02:05:13.789 GMT+0300	1.6169	1.6167	1	1.6
01.01.2010 02:05:14.129 GMT+0300	1.6169	1.6167	1	1
01.01.2010 02:05:15.009 GMT+0300	1.61693	1.61667	1	3
01.01.2010 02:05:15.339 GMT+0300	1.61693	1.61667	1	1.7
01.01.2010 02:05:18.294 GMT+0300	1.61688	1.61672	1	4
01.01.2010 02:05:18.698 GMT+0300	1.6169	1.6167	2	4.4
01.01.2010 02:05:18.988 GMT+0300	1.61693	1.61667	1	1
01.01.2010 02:05:19.988 GMT+0300	1.61693	1.61667	1	9
01.01.2010 02:05:20.168 GMT+0300	1.6169	1.6167	1	1.6
01.01.2010 02:05:20.847 GMT+0300	1.6169	1.6167	1	1
01.01.2010 02:05:24.887 GMT+0300	1.61695	1.61665	1	6.4
01.01.2010 02:05:26.237 GMT+0300	1.61692	1.61668	1	10.1
01.01.2010 02:05:28.186 GMT+0300	1.61695	1.61665	1	1.6
01.01.2010 02:05:31.825 GMT+0300	1.61692	1.61668	1	1
01.01.2010 02:05:38.184 GMT+0300	1.6169	1.6167	2.4	1.6
01.01.2010 02:05:38.353 GMT+0300	1.61693	1.61667	1	1
01.01.2010 02:05:38.474 GMT+0300	1.61693	1.61667	1	1
01.01.2010 02:05:38.643 GMT+0300	1.61693	1.61667	1	1
01.01.2010 02:05:38.803 GMT+0300	1.61693	1.61667	1	1.6
01.01.2010 02:05:49.181 GMT+0300	1.6169	1.6167	1	1
01.01.2010 02:05:50.201 GMT+0300	1.61695	1.61665	1	1
01.01.2010 02:05:50.671 GMT+0300	1.61695	1.61665	1	4.2
01.01.2010 02:05:51.440 GMT+0300	1.61695	1.61665	2.3	1
01.01.2010 02:05:53.700 GMT+0300	1.61695	1.61665	1	2.4
01.01.2010 02:05:58.779 GMT+0300	1.61695	1.61665	1	1.6
01.01.2010 02:05:58.959 GMT+0300	1.61695	1.61665	1	1
01.01.2010 02:06:02.896 GMT+0300	1.61695	1.61665	2.1	1.7
01.01.2010 02:06:05.145 GMT+0300	1.61695	1.61665	1	1
01.01.2010 02:06:05.765 GMT+0300	1.61695	1.61665	1	4.8
01.01.2010 02:06:06.065 GMT+0300	1.61695	1.61665	4.4	10
01.01.2010 02:06:06.362 GMT+0300	1.61693	1.61667	1	10
01.01.2010 02:06:23.921 GMT+0300	1.61695	1.61665	1	1
01.01.2010 02:06:27.614 GMT+0300	1.61693	1.61667	1	29.6
01.01.2010 02:06:37.288 GMT+0300	1.61695	1.61665	1	2.5
01.01.2010 02:06:38.737 GMT+0300	1.61695	1.61665	1	5
01.01.2010 02:06:39.347 GMT+0300	1.61695	1.61665	1	2.4
01.01.2010 02:06:39.517 GMT+0300	1.61695	1.61665	1	5.1
01.01.2010 02:06:40.077 GMT+0300	1.61695	1.61665	1	1
01.01.2010 02:06:42.586 GMT+0300	1.61695	1.61665	1	7.6
01.01.2010 02:06:44.866 GMT+0300	1.61693	1.61667	2	3.2
01.01.2010 02:06:59.262 GMT+0300	1.61693	1.61667	2.7	1
01.01.2010 02:07:00.184 GMT+0300	1.61693	1.61667	2	4.9
01.01.2010 02:07:00.414 GMT+0300	1.6169	1.6167	1	5.6
01.01.2010 02:07:05.533 GMT+0300	1.61693	1.61667	1	14.4
01.01.2010 02:07:10.012 GMT+0300	1.61693	1.61667	1.6	5.6
01.01.2010 02:07:11.621 GMT+0300	1.61693	1.61667	1	1.6
01.01.2010 02:07:11.741 GMT+0300	1.6169	1.6167	1	1.6
01.01.2010 02:07:46.023 GMT+0300	1.61692	1.61668	1	4.8
01.01.2010 02:07:48.692 GMT+0300	1.61692	1.61668	1	5
01.01.2010 02:07:58.790 GMT+0300	1.61692	1.61668	1	1
01.01.2010 02:07:58.910 GMT+0300	1.6169	1.6167	2.4	1
01.01.2010 02:07:59.090 GMT+0300	1.61693	1.61667	2.4	1.6
01.01.2010 02:08:17.749 GMT+0300	1.61693	1.61667	1	1
01.01.2010 02:08:17.988 GMT+0300	1.61693	1.61667	1	1.8
01.01.2010 02:08:22.687 GMT+0300	1.61695	1.61665	1	3.6
01.01.2010 02:08:31.935 GMT+0300	1.61693	1.61667	1	1
01.01.2010 02:08:41.833 GMT+0300	1.61693	1.61667	1	1
01.01.2010 02:08:45.512 GMT+0300	1.61693	1.61667	1.6	9.6
01.01.2010 02:08:49.321 GMT+0300	1.61693	1.61667	1	12.4
01.01.2010 02:08:50.461 GMT+0300	1.61693	1.61667	1	1.9
01.01.2010 02:08:50.691 GMT+0300	1.61693	1.61667	1	1
01.01.2010 02:08:51.050 GMT+0300	1.61693	1.61667	1	1.6
01.01.2010 02:08:51.431 GMT+0300	1.61688	1.61672	1	1
01.01.2010 02:08:51.780 GMT+0300	1.61693	1.61667	1	5.5
01.01.2010 02:09:15.596 GMT+0300	1.61693	1.61667	1	1
01.01.2010 02:09:39.191 GMT+0300	1.6169	1.6167	1	4.4
01.01.2010 02:09:41.790 GMT+0300	1.61688	1.61672	2.4	8.9
01.01.2010 02:09:43.940 GMT+0300	1.6169	1.6167	1	3.2
01.01.2010 02:09:45.079 GMT+0300	1.61688	1.61672	1	1
01.01.2010 02:10:29.923 GMT+0300	1.61693	1.61667	1	1
01.01.2010 02:10:30.203 GMT+0300	1.61693	1.61667	2	2.4
01.01.2010 02:10:38.301 GMT+0300	1.6169	1.6167	1	3.2
01.01.2010 02:10:38.471 GMT+0300	1.61688	1.61672	1	1
01.01.2010 02:10:40.511 GMT+0300	1.61688	1.61672	1	1
01.01.2010 02:10:42.910 GMT+0300	1.61688	1.61672	1	1
01.01.2010 02:10:43.900 GMT+0300	1.61688	1.61672	1	1
01.01.2010 02:10:44.980 GMT+0300	1.61688	1.61672	1	1.6
01.01.2010 02:10:45.269 GMT+0300	1.61688	1.61672	1	1
01.01.2010 02:10:46.360 GMT+0300	1.61688	1.61672	1	6
01.01.2010 02:11:07.565 GMT+0300	1.6169	1.6167	4.5	1
01.01.2010 02:11:07.964 GMT+0300	1.61695	1.61665	1	1
01.01.2010 02:11:08.024 GMT+0300	1.61695	1.61665	1	1
01.01.2010 02:11:08.074 GMT+0300	1.61695	1.61665	1	1
01.01.2010 02:11:17.822 GMT+0300	1.61698	1.61662	1	1
01.01.2010 02:11:17.932 GMT+0300	1.61698	1.61662	2.1	1
01.01.2010 02:11:18.102 GMT+0300	1.61698	1.61662	1	20.2
01.01.2010 02:11:52.874 GMT+0300	1.61695	1.61665	1	1
01.01.2010 02:12:06.538 GMT+0300	1.61692	1.61668	1	3.3
01.01.2010 02:12:13.466 GMT+0300	1.6169	1.6167	1	2.5
01.01.2010 02:12:14.486 GMT+0300	1.61692	1.61668	1	1
01.01.2010 02:12:20.035 GMT+0300	1.61687	1.61673	1	1.7
01.01.2010 02:12:21.185 GMT+0300	1.61687	1.61673	1	1.6
01.01.2010 02:12:28.493 GMT+0300	1.6169	1.6167	1	1.9
01.01.2010 02:12:43.549 GMT+0300	1.61692	1.61668	1.6	2.6
01.01.2010 02:12:52.067 GMT+0300	1.6169	1.6167	1	4.1
01.01.2010 02:13:01.582 GMT+0300	1.61693	1.61667	1	1.6
01.01.2010 02:13:02.273 GMT+0300	1.61693	1.61667	1	9.2
01.01.2010 02:13:08.371 GMT+0300	1.61693	1.61667	1	1.7
01.01.2010 02:13:12.600 GMT+0300	1.6169	1.6167	1	1
01.01.2010 02:13:15.410 GMT+0300	1.6169	1.6167	1.7	1
01.01.2010 02:13:15.769 GMT+0300	1.61688	1.61672	1	32
01.01.2010 02:13:16.109 GMT+0300	1.61688	1.61672	1	1
01.01.2010 02:13:16.469 GMT+0300	1.61685	1.61675	1	1.6
01.01.2010 02:13:17.149 GMT+0300	1.6169	1.6167	1	2.4
01.01.2010 02:13:21.929 GMT+0300	1.61692	1.61668	1	4.5
01.01.2010 02:13:22.259 GMT+0300	1.61692	1.61668	1	15.4
01.01.2010 02:13:22.598 GMT+0300	1.6169	1.6167	1.6	1.6
01.01.2010 02:13:27.497 GMT+0300	1.61692	1.61668	1	1
01.01.2010 02:13:27.667 GMT+0300	1.61695	1.61665	1	1.1
01.01.2010 02:13:27.897 GMT+0300	1.61695	1.61665	1	2.5
01.01.2010 02:13:30.327 GMT+0300	1.6169	1.6167	1	7.5
01.01.2010 02:13:30.677 GMT+0300	1.6169	1.6167	1	30.5
01.01.2010 02:13:31.196 GMT+0300	1.6169	1.6167	1	7.2
01.01.2010 02:13:32.896 GMT+0300	1.6169	1.6167	1	1
01.01.2010 02:13:33.066 GMT+0300	1.6169	1.6167	2.1	4
01.01.2010 02:13:33.476 GMT+0300	1.61693	1.61667	1	1.7
01.01.2010 02:13:35.536 GMT+0300	1.61693	1.61667	1	1.4
01.01.2010 02:13:47.223 GMT+0300	1.61693	1.61667	1	32
01.01.2010 02:13:54.761 GMT+0300	1.61693	1.61667	1	32
01.01.2010 02:14:09.886 GMT+0300	1.61693	1.61667	1.2	1
01.01.2010 02:14:28.372 GMT+0300	1.61693	1.61667	1.9	2.8
01.01.2010 02:15:10.119 GMT+0300	1.61693	1.61667	2	2.4
01.01.2010 02:15:15.658 GMT+0300	1.61693	1.61667	2.2	29.7
01.01.2010 02:15:22.706 GMT+0300	1.61693	1.61667	3	7.2
01.01.2010 02:15:24.825 GMT+0300	1.61693	1.61667	1	5.2
01.01.2010 02:15:28.874 GMT+0300	1.61693	1.61667	1	1.6
01.01.2010 02:15:39.932 GMT+0300	1.61695	1.61665	1	7.2
01.01.2010 02:15:42.801 GMT+0300	1.61693	1.61667	1	1
01.01.2010 02:15:46.410 GMT+0300	1.61693	1.61667	2.3	1
01.01.2010 02:15:47.580 GMT+0300	1.61693	1.61667	1	1.7
01.01.2010 02:15:54.198 GMT+0300	1.61693	1.61667	2.1	37.3
01.01.2010 02:15:57.497 GMT+0300	1.61693	1.61667	1.7	25.6
01.01.2010 02:16:06.367 GMT+0300	1.61693	1.61667	1	1
01.01.2010 02:16:06.707 GMT+0300	1.61693	1.61667	4.1	10
01.01.2010 02:16:23.873 GMT+0300	1.61693	1.61667	1	4.3
01.01.2010 02:16:35.330 GMT+0300	1.61693	1.61667	1	1
01.01.2010 02:16:41.299 GMT+0300	1.61688	1.61672	1	1
01.01.2010 02:16:42.659 GMT+0300	1.6169	1.6167	1	32.4
01.01.2010 02:16:43.569 GMT+0300	1.6169	1.6167	1	5.6
01.01.2010 02:16:44.098 GMT+0300	1.61695	1.61665	1	5.7
01.01.2010 02:16:44.218 GMT+0300	1.61692	1.61668	1	1.7
01.01.2010 02:16:44.338 GMT+0300	1.61695	1.61665	2	1.9
01.01.2010 02:16:45.708 GMT+0300	1.61695	1.61665	1	1
01.01.2010 02:16:47.457 GMT+0300	1.61695	1.61665	1	20.5
01.01.2010 02:16:48.297 GMT+0300	1.61695	1.61665	1	1.6
01.01.2010 02:16:48.587 GMT+0300	1.61695	1.61665	1	1
01.01.2010 02:16:49.787 GMT+0300	1.61695	1.61665	1	1.6
01.01.2010 02:16:50.077 GMT+0300	1.61685	1.61675	1	1
01.01.2010 02:17:05.262 GMT+0300	1.61688	1.61672	1.9	10.5
01.01.2010 02:17:46.202 GMT+0300	1.6169	1.6167	1	1
01.01.2010 02:17:56.030 GMT+0300	1.61695	1.61665	1	1
01.01.2010 02:17:58.649 GMT+0300	1.61695	1.61665	2	4.5
01.01.2010 02:18:01.668 GMT+0300	1.61693	1.61667	2.9	1
01.01.2010 02:18:28.022 GMT+0300	1.61693	1.61667	1	1
01.01.2010 02:18:44.078 GMT+0300	1.61693	1.61667	1	1.7
01.01.2010 02:18:44.358 GMT+0300	1.61693	1.61667	2.1	1
01.01.2010 02:18:51.896 GMT+0300	1.61693	1.61667	1	18.7
01.01.2010 02:18:52.896 GMT+0300	1.61693	1.61667	3.3	2.4
01.01.2010 02:18:57.695 GMT+0300	1.61693	1.61667	1	1
01.01.2010 02:19:00.753 GMT+0300	1.61693	1.61667	1.7	25.6
01.01.2010 02:19:01.033 GMT+0300	1.61693	1.61667	1	1
01.01.2010 02:19:01.313 GMT+0300	1.61695	1.61665	1	3.2
01.01.2010 02:19:01.543 GMT+0300	1.61695	1.61665	2	1.6
01.01.2010 02:19:02.003 GMT+0300	1.61695	1.61665	2	2.5
01.01.2010 02:19:02.343 GMT+0300	1.61693	1.61667	1.3	2.2
01.01.2010 02:19:14.260 GMT+0300	1.61693	1.61667	1	13.9
01.01.2010 02:19:18.199 GMT+0300	1.61693	1.61667	1	1
01.01.2010 02:19:19.019 GMT+0300	1.61693	1.61667	1	10.6
01.01.2010 02:19:19.859 GMT+0300	1.61693	1.61667	1	27.6
01.01.2010 02:19:20.159 GMT+0300	1.61693	1.61667	1	36
01.01.2010 02:19:22.388 GMT+0300	1.61693	1.61667	1.9	3
01.01.2010 02:19:26.167 GMT+0300	1.61693	1.61667	1	3.2
01.01.2010 02:19:26.397 GMT+0300	1.61693	1.61667	2	1
01.01.2010 02:19:26.617 GMT+0300	1.61695	1.61665	1	3.4
01.01.2010 02:19:28.557 GMT+0300	1.61695	1.61665	1	8.1
01.01.2010 02:19:28.896 GMT+0300	1.61698	1.61662	2.4	1
01.01.2010 02:19:29.006 GMT+0300	1.617	1.6166	1	3.4
01.01.2010 02:19:52.291 GMT+0300	1.61695	1.61665	1	30.5
01.01.2010 02:19:53.480 GMT+0300	1.61698	1.61662	1	5.3
01.01.2010 02:19:56.810 GMT+0300	1.61698	1.61662	2.4	1.6
01.01.2010 02:20:04.685 GMT+0300	1.61698	1.61662	1	2.4
01.01.2010 02:20:06.574 GMT+0300	1.61698	1.61662	1	28.8
01.01.2010 02:20:09.664 GMT+0300	1.61698	1.61662	1	1.6
01.01.2010 02:20:10.973 GMT+0300	1.61698	1.61662	1	1
01.01.2010 02:20:12.313 GMT+0300	1.61698	1.61662	1	1
01.01.2010 02:20:13.533 GMT+0300	1.61698	1.61662	1.6	1
01.01.2010 02:20:27.619 GMT+0300	1.61695	1.61665	1	3.2
01.01.2010 02:20:28.139 GMT+0300	1.61693	1.61667	1	2.5
01.01.2010 02:20:28.249 GMT+0300	1.61695	1.61665	1	1
01.01.2010 02:20:30.339 GMT+0300	1.61695	1.61665	1	10.9
01.01.2010 02:20:40.516 GMT+0300	1.61695	1.61665	1	3.1
01.01.2010 02:21:11.619 GMT+0300	1.61695	1.61665	1	12
01.01.2010 02:21:21.377 GMT+0300	1.61695	1.61665	1	1
01.01.2010 02:21:24.545 GMT+0300	1.61695	1.61665	1	1.6
01.01.2010 02:21:24.726 GMT+0300	1.61695	1.61665	1	8.4
01.01.2010 02:21:34.073 GMT+0300	1.61693	1.61667	1	5.6
01.01.2010 02:21:35.553 GMT+0300	1.61693	1.61667	1	1
01.01.2010 02:21:36.823 GMT+0300	1.61693	1.61667	1	1
01.01.2010 02:21:37.472 GMT+0300	1.61693	1.61667	1	4.8
01.01.2010 02:21:38.412 GMT+0300	1.61693	1.61667	1	1.6
01.01.2010 02:21:38.972 GMT+0300	1.61693	1.61667	1	3.2
01.01.2010 02:21:42.641 GMT+0300	1.61693	1.61667	2.8	6.6
01.01.2010 02:21:43.661 GMT+0300	1.61695	1.61665	1	1.7
01.01.2010 02:21:43.941 GMT+0300	1.61693	1.61667	1	1
01.01.2010 02:21:44.471 GMT+0300	1.61695	1.61665	1.6	9.2
01.01.2010 02:21:48.480 GMT+0300	1.61695	1.61665	2.7	1
01.01.2010 02:21:48.710 GMT+0300	1.61695	1.61665	1	4.2
01.01.2010 02:21:52.269 GMT+0300	1.61693	1.61667	1	1.6
01.01.2010 02:21:53.948 GMT+0300	1.61693	1.61667	1	11
01.01.2010 02:21:54.298 GMT+0300	1.6169	1.6167	1	1
01.01.2010 02:21:54.588 GMT+0300	1.61693	1.61667	1	1
01.01.2010 02:21:55.408 GMT+0300	1.61695	1.61665	1.9	1
01.01.2010 02:21:55.588 GMT+0300	1.61695	1.61665	1	3.4
01.01.2010 02:21:59.037 GMT+0300	1.61695	1.61665	1	1
01.01.2010 02:21:59.267 GMT+0300	1.61695	1.61665	1	1
01.01.2010 02:21:59.554 GMT+0300	1.61693	1.61667	1	2.4
01.01.2010 02:22:01.484 GMT+0300	1.6169	1.6167	1	5.6
01.01.2010 02:22:04.743 GMT+0300	1.61693	1.61667	1	9.2
01.01.2010 02:22:04.913 GMT+0300	1.61695	1.61665	1.7	2.9
01.01.2010 02:22:06.763 GMT+0300	1.61695	1.61665	2	3.1
01.01.2010 02:22:07.102 GMT+0300	1.61695	1.61665	1.6	1
01.01.2010 02:22:07.442 GMT+0300	1.61695	1.61665	1	8.9
01.01.2010 02:22:07.622 GMT+0300	1.61695	1.61665	2.5	1
01.01.2010 02:22:07.802 GMT+0300	1.61695	1.61665	1	1
01.01.2010 02:22:07.922 GMT+0300	1.61695	1.61665	1	5.2
01.01.2010 02:22:08.092 GMT+0300	1.61693	1.61667	1	1
01.01.2010 02:22:09.582 GMT+0300	1.61693	1.61667	1	1
01.01.2010 02:22:09.912 GMT+0300	1.61695	1.61665	1	1.6
01.01.2010 02:22:10.201 GMT+0300	1.61695	1.61665	1	1
01.01.2010 02:22:10.532 GMT+0300	1.61688	1.61672	1	7.2
01.01.2010 02:22:10.872 GMT+0300	1.61693	1.61667	1	18.7
01.01.2010 02:22:11.511 GMT+0300	1.61693	1.61667	1	2.1
01.01.2010 02:22:11.861 GMT+0300	1.61695	1.61665	1	1.4
01.01.2010 02:22:12.211 GMT+0300	1.6169	1.6167	2.1	30.4
01.01.2010 02:22:12.571 GMT+0300	1.6169	1.6167	1	8.8
01.01.2010 02:22:12.921 GMT+0300	1.6169	1.6167	1	1.6
01.01.2010 02:22:13.381 GMT+0300	1.6169	1.6167	1	2.2
01.01.2010 02:22:13.721 GMT+0300	1.6169	1.6167	1.6	2.4
01.01.2010 02:22:14.001 GMT+0300	1.6169	1.6167	1.2	1
01.01.2010 02:22:14.221 GMT+0300	1.61693	1.61667	1	1
01.01.2010 02:22:15.440 GMT+0300	1.6169	1.6167	1	20.5
01.01.2010 02:22:15.790 GMT+0300	1.6169	1.6167	2.7	1
01.01.2010 02:22:19.990 GMT+0300	1.6169	1.6167	1	1
01.01.2010 02:22:20.789 GMT+0300	1.61693	1.61667	1	1.6
01.01.2010 02:22:21.889 GMT+0300	1.61695	1.61665	1.4	1
01.01.2010 02:22:22.119 GMT+0300	1.61695	1.61665	1.2	4.6
01.01.2010 02:22:22.759 GMT+0300	1.6169	1.6167	1	3.2
01.01.2010 02:22:23.768 GMT+0300	1.61692	1.61668	1.9	1
01.01.2010 02:22:23.938 GMT+0300	1.61692	1.61668	1	1
01.01.2010 02:22:42.684 GMT+0300	1.6169	1.6167	1.9	1
01.01.2010 02:22:44.254 GMT+0300	1.6169	1.6167	1	1
01.01.2010 02:22:44.614 GMT+0300	1.6169	1.6167	1	15.4
01.01.2010 02:22:44.783 GMT+0300	1.61693	1.61667	2	2.4
01.01.2010 02:22:46.573 GMT+0300	1.6169	1.6167	1.7	1
01.01.2010 02:22:56.311 GMT+0300	1.6169	1.6167	1	27.2
01.01.2010 02:23:11.631 GMT+0300	1.6169	1.6167	1	29.6
01.01.2010 02:23:14.210 GMT+0300	1.6169	1.6167	1	8.9
01.01.2010 02:23:14.790 GMT+0300	1.6169	1.6167	1	32.4
01.01.2010 02:23:31.046 GMT+0300	1.6169	1.6167	1	1
01.01.2010 02:23:33.895 GMT+0300	1.61693	1.61667	1	7.6
01.01.2010 02:24:26.118 GMT+0300	1.61693	1.61667	1	1
01.01.2010 02:24:29.067 GMT+0300	1.61695	1.61665	2	2.4
01.01.2010 02:24:31.237 GMT+0300	1.61693	1.61667	1	1
01.01.2010 02:24:32.637 GMT+0300	1.61693	1.61667	1	6
01.01.2010 02:24:36.565 GMT+0300	1.61698	1.61662	1	6
01.01.2010 02:24:36.836 GMT+0300	1.61698	1.61662	1	5.6
01.01.2010 02:25:18.420 GMT+0300	1.61693	1.61667	1	1.6
01.01.2010 02:25:21.361 GMT+0300	1.61698	1.61662	1	1
01.01.2010 02:25:56.261 GMT+0300	1.61695	1.61665	1	1
01.01.2010 02:25:58.740 GMT+0300	1.61693	1.61667	1	1
01.01.2010 02:26:03.904 GMT+0300	1.61693	1.61667	1.1	1
01.01.2010 02:26:04.064 GMT+0300	1.61698	1.61662	1	3.4
01.01.2010 02:26:04.924 GMT+0300	1.61698	1.61662	1	15.3
01.01.2010 02:26:08.893 GMT+0300	1.61702	1.61658	1	24.7
01.01.2010 02:26:10.723 GMT+0300	1.61698	1.61662	1	1
01.01.2010 02:26:39.166 GMT+0300	1.61695	1.61665	1	4.1
01.01.2010 02:26:56.741 GMT+0300	1.61693	1.61667	1	1
01.01.2010 02:26:57.312 GMT+0300	1.61693	1.61667	1	1
01.01.2010 02:26:57.652 GMT+0300	1.61693	1.61667	1.3	1.7
01.01.2010 02:27:10.396 GMT+0300	1.61693	1.61667	2	2.8
01.01.2010 02:27:38.930 GMT+0300	1.6169	1.6167	5	1
01.01.2010 02:27:40.329 GMT+0300	1.61693	1.61667	1	1
01.01.2010 02:27:59.754 GMT+0300	1.61693	1.61667	2	1
01.01.2010 02:28:01.305 GMT+0300	1.61693	1.61667	1.6	1
01.01.2010 02:28:08.983 GMT+0300	1.61693	1.61667	1	1
01.01.2010 02:28:10.743 GMT+0300	1.61695	1.61665	2.1	2.8
01.01.2010 02:28:11.033 GMT+0300	1.61695	1.61665	1	1
01.01.2010 02:28:11.382 GMT+0300	1.61695	1.61665	1	1.8
01.01.2010 02:28:11.682 GMT+0300	1.61695	1.61665	1	1
01.01.2010 02:28:13.312 GMT+0300	1.61693	1.61667	1	1
01.01.2010 02:28:13.482 GMT+0300	1.6169	1.6167	2.1	1
01.01.2010 02:28:19.370 GMT+0300	1.61693	1.61667	2	1
01.01.2010 02:28:22.640 GMT+0300	1.61693	1.61667	1	1
01.01.2010 02:28:22.760 GMT+0300	1.61695	1.61665	1	3.1
01.01.2010 02:28:23.050 GMT+0300	1.61693	1.61667	1	1.5
01.01.2010 02:28:23.630 GMT+0300	1.61693	1.61667	1	1
01.01.2010 02:28:23.690 GMT+0300	1.61693	1.61667	2.9	1
01.01.2010 02:28:34.197 GMT+0300	1.61695	1.61665	1	1
01.01.2010 02:28:34.427 GMT+0300	1.61687	1.61673	1	1
01.01.2010 02:28:38.806 GMT+0300	1.61693	1.61667	1	34.8
01.01.2010 02:29:02.091 GMT+0300	1.61693	1.61667	1.8	1
01.01.2010 02:29:04.780 GMT+0300	1.61693	1.61667	1.2	1
01.01.2010 02:29:11.188 GMT+0300	1.61693	1.61667	1	1
01.01.2010 02:29:12.768 GMT+0300	1.6169	1.6167	1.6	1
01.01.2010 02:29:21.146 GMT+0300	1.6169	1.6167	1	1
01.01.2010 02:29:23.305 GMT+0300	1.6169	1.6167	1.7	1
01.01.2010 02:29:29.014 GMT+0300	1.6169	1.6167	1.9	1
01.01.2010 02:29:33.683 GMT+0300	1.61693	1.61667	1	1
