Local time	Ask	Bid	AskVolume	BidVolume
01.01.2010 00:00:07.534 GMT+0300	1.43156	1.43144	2.5	2.3
01.01.2010 00:00:08.005 GMT+0300	1.43155	1.43142	1.9	2.3
01.01.2010 00:00:10.392 GMT+0300	1.43155	1.43141	2.5	1.5
01.01.2010 00:00:10.833 GMT+0300	1.43154	1.43146	3.2	1.5
01.01.2010 00:00:11.162 GMT+0300	1.43159	1.43146	1.9	1.5
01.01.2010 00:00:13.122 GMT+0300	1.43161	1.43151	1.5	1.7
01.01.2010 00:00:13.885 GMT+0300	1.43167	1.43156	1.4	2.3
01.01.2010 00:00:14.030 GMT+0300	1.43176	1.43162	3.8	1.9
01.01.2010 00:00:23.600 GMT+0300	1.43186	1.4317	1.5	2.3
01.01.2010 00:00:24.153 GMT+0300	1.43187	1.43175	1.7	1.5
01.01.2010 00:00:26.207 GMT+0300	1.43182	1.43168	1.9	1.5
01.01.2010 00:00:26.555 GMT+0300	1.43173	1.43163	1.5	3.8
01.01.2010 00:00:28.876 GMT+0300	1.43168	1.43155	4.5	1.7
01.01.2010 00:00:31.446 GMT+0300	1.43159	1.43149	2.7	4.9
01.01.2010 00:00:34.796 GMT+0300	1.43153	1.43141	1.9	3
01.01.2010 00:00:36.926 GMT+0300	1.43149	1.43137	1.9	1.7
01.01.2010 00:00:39.605 GMT+0300	1.43141	1.4313	1.5	5.7
01.01.2010 00:00:41.825 GMT+0300	1.43135	1.43121	1.7	1.2
01.01.2010 00:00:43.902 GMT+0300	1.43127	1.43114	1.2	1.5
01.01.2010 00:00:46.080 GMT+0300	1.43126	1.43114	3.6	1.5
01.01.2010 00:00:46.486 GMT+0300	1.43133	1.43121	4.9	3.4
01.01.2010 00:00:46.980 GMT+0300	1.4314	1.43126	6.2	1.5
01.01.2010 00:00:49.032 GMT+0300	1.43143	1.4313	5.9	1.5
01.01.2010 00:00:51.113 GMT+0300	1.43139	1.43135	3.6	1.5
01.01.2010 00:00:51.935 GMT+0300	1.43139	1.43128	3.2	1.9
01.01.2010 00:00:53.975 GMT+0300	1.43133	1.43123	1.7	3
01.01.2010 00:00:56.285 GMT+0300	1.4313	1.43118	1.2	2.1
01.01.2010 00:01:06.479 GMT+0300	1.43131	1.43119	1.5	1.5
01.01.2010 00:01:11.188 GMT+0300	1.43138	1.43127	1.5	4.4
01.01.2010 00:01:13.232 GMT+0300	1.43143	1.43134	3.2	3.6
01.01.2010 00:01:15.622 GMT+0300	1.43145	1.43138	1.1	2.3
01.01.2010 00:01:17.913 GMT+0300	1.43149	1.43137	1.5	1.4
01.01.2010 00:01:21.100 GMT+0300	1.43151	1.43137	2.5	1.5
01.01.2010 00:01:23.097 GMT+0300	1.43149	1.43137	3.2	4.5
01.01.2010 00:01:23.893 GMT+0300	1.43147	1.43143	1.5	2.5
01.01.2010 00:01:24.862 GMT+0300	1.43155	1.43145	3.6	3
01.01.2010 00:01:27.683 GMT+0300	1.43165	1.43151	1.9	1.5
01.01.2010 00:01:30.055 GMT+0300	1.43174	1.43161	1.5	2.3
01.01.2010 00:01:33.643 GMT+0300	1.43179	1.43167	5.3	1.5
01.01.2010 00:01:36.224 GMT+0300	1.43177	1.43167	2.3	2.1
01.01.2010 00:01:39.099 GMT+0300	1.43175	1.43163	1.5	2.5
01.01.2010 00:01:39.996 GMT+0300	1.43171	1.43157	1.2	5.4
01.01.2010 00:01:41.234 GMT+0300	1.43164	1.43156	1.5	1.9
01.01.2010 00:01:44.331 GMT+0300	1.43163	1.43151	2.9	1.5
01.01.2010 00:01:44.467 GMT+0300	1.43161	1.4315	3.2	3.4
01.01.2010 00:01:46.443 GMT+0300	1.43159	1.43149	1.5	3.2
01.01.2010 00:01:50.712 GMT+0300	1.43159	1.43146	1.5	2.3
01.01.2010 00:01:53.631 GMT+0300	1.43159	1.43145	1.7	4.5
01.01.2010 00:01:59.351 GMT+0300	1.43156	1.43144	1.7	1.7
01.01.2010 00:02:04.483 GMT+0300	1.43139	1.43131	2.3	1.5
01.01.2010 00:02:06.676 GMT+0300	1.43148	1.43135	1.4	2.3
01.01.2010 00:02:08.716 GMT+0300	1.43157	1.43143	1.5	3
01.01.2010 00:02:13.258 GMT+0300	1.43165	1.43151	1.5	1.3
01.01.2010 00:02:20.121 GMT+0300	1.43166	1.43152	1.5	1.5
01.01.2010 00:02:22.800 GMT+0300	1.43158	1.43146	4.4	3.8
01.01.2010 00:02:24.094 GMT+0300	1.43149	1.43136	1.5	1.5
01.01.2010 00:02:25.428 GMT+0300	1.43139	1.43125	1.5	1.5
01.01.2010 00:02:27.617 GMT+0300	1.43129	1.43115	2.3	3
01.01.2010 00:02:35.027 GMT+0300	1.43118	1.43106	6.2	1.5
01.01.2010 00:02:45.103 GMT+0300	1.43117	1.43104	2.4	4.6
01.01.2010 00:02:45.768 GMT+0300	1.43122	1.43108	2.5	1.5
01.01.2010 00:02:48.165 GMT+0300	1.43127	1.43115	1.5	1.5
01.01.2010 00:02:50.217 GMT+0300	1.43133	1.43121	1.9	3.4
01.01.2010 00:02:52.937 GMT+0300	1.43138	1.43125	1.5	1.5
01.01.2010 00:02:55.924 GMT+0300	1.43139	1.43125	3.4	2.7
01.01.2010 00:02:56.145 GMT+0300	1.43138	1.43128	2.9	3
01.01.2010 00:02:56.370 GMT+0300	1.43135	1.43129	4.5	1.5
01.01.2010 00:02:58.568 GMT+0300	1.43136	1.43124	2.3	3.6
01.01.2010 00:03:02.366 GMT+0300	1.4315	1.43136	4.5	3.2
01.01.2010 00:03:04.466 GMT+0300	1.43154	1.43141	2.5	1.5
01.01.2010 00:03:06.629 GMT+0300	1.43158	1.43148	5.7	1.7
01.01.2010 00:03:08.838 GMT+0300	1.43166	1.43156	1.5	6.4
01.01.2010 00:03:11.639 GMT+0300	1.43174	1.43162	1.5	1.4
01.01.2010 00:03:11.768 GMT+0300	1.43174	1.43166	1.5	2.1
01.01.2010 00:03:15.189 GMT+0300	1.43166	1.43154	1.7	2.1
01.01.2010 00:03:17.640 GMT+0300	1.43155	1.43142	3.8	1.5
01.01.2010 00:03:23.178 GMT+0300	1.43141	1.43129	1.5	1.7
01.01.2010 00:03:25.369 GMT+0300	1.43131	1.43119	1.5	1.5
01.01.2010 00:03:27.480 GMT+0300	1.43126	1.43114	1.5	4.5
01.01.2010 00:03:29.679 GMT+0300	1.43127	1.43117	2.7	2.3
01.01.2010 00:03:32.550 GMT+0300	1.43134	1.43124	1.5	1.5
01.01.2010 00:03:34.560 GMT+0300	1.43139	1.43129	1.5	2.1
01.01.2010 00:03:36.958 GMT+0300	1.43143	1.43132	2.3	1.7
01.01.2010 00:03:40.831 GMT+0300	1.43148	1.43136	3.4	1.5
01.01.2010 00:03:42.409 GMT+0300	1.43152	1.43141	1.5	1.7
01.01.2010 00:03:48.807 GMT+0300	1.43153	1.43142	4	2.3
01.01.2010 00:03:52.808 GMT+0300	1.43155	1.43143	1.5	2.1
01.01.2010 00:04:03.090 GMT+0300	1.43153	1.43141	14.1	2.5
01.01.2010 00:04:31.350 GMT+0300	1.43173	1.43158	2.9	3
01.01.2010 00:04:36.470 GMT+0300	1.43172	1.4316	1.7	1.9
01.01.2010 00:04:39.418 GMT+0300	1.43147	1.43133	1.7	1.5
01.01.2010 00:04:47.089 GMT+0300	1.43128	1.43114	3.8	6.6
01.01.2010 00:04:50.105 GMT+0300	1.43128	1.43112	4.9	4.2
01.01.2010 00:04:50.218 GMT+0300	1.43127	1.43119	1.5	2.3
01.01.2010 00:04:50.548 GMT+0300	1.43131	1.43119	4.5	1.5
01.01.2010 00:04:52.969 GMT+0300	1.4313	1.4312	1.8	2.3
01.01.2010 00:04:55.017 GMT+0300	1.4313	1.43116	1.5	1.7
01.01.2010 00:04:55.355 GMT+0300	1.43127	1.43117	1.5	2.5
01.01.2010 00:05:03.120 GMT+0300	1.43128	1.43112	1.5	1.7
01.01.2010 00:05:06.787 GMT+0300	1.43126	1.43111	1.2	1.5
01.01.2010 00:05:07.048 GMT+0300	1.4312	1.43113	2.1	2.3
01.01.2010 00:05:08.647 GMT+0300	1.43116	1.43106	3.4	1.5
01.01.2010 00:05:10.649 GMT+0300	1.43114	1.43099	2.5	1.2
01.01.2010 00:05:12.631 GMT+0300	1.43108	1.43092	1.7	2.3
01.01.2010 00:05:16.823 GMT+0300	1.43108	1.43092	1.5	3.4
01.01.2010 00:05:22.919 GMT+0300	1.43114	1.43104	1.5	1.8
01.01.2010 00:05:25.909 GMT+0300	1.43126	1.43116	1.5	2.3
01.01.2010 00:05:27.551 GMT+0300	1.43141	1.43128	2.3	1.5
01.01.2010 00:05:29.684 GMT+0300	1.43154	1.43143	1.5	1.7
01.01.2010 00:05:29.938 GMT+0300	1.43168	1.43155	1.5	5.9
01.01.2010 00:05:31.508 GMT+0300	1.43179	1.43167	5.1	6.6
01.01.2010 00:05:33.733 GMT+0300	1.43183	1.43171	1.7	1.5
01.01.2010 00:05:38.380 GMT+0300	1.43178	1.43164	2.5	3
01.01.2010 00:05:44.134 GMT+0300	1.4317	1.43156	1.5	1.9
01.01.2010 00:05:44.825 GMT+0300	1.43161	1.43151	1.5	1.5
01.01.2010 00:05:48.019 GMT+0300	1.43158	1.43144	8.7	1.4
01.01.2010 00:05:51.892 GMT+0300	1.43153	1.43142	1.5	1.7
01.01.2010 00:05:53.788 GMT+0300	1.43152	1.43137	1.5	3.2
01.01.2010 00:05:55.828 GMT+0300	1.43151	1.43136	3	1.7
01.01.2010 00:05:57.944 GMT+0300	1.43149	1.43135	1.5	5.5
01.01.2010 00:06:05.087 GMT+0300	1.43142	1.43128	7.6	1.5
01.01.2010 00:06:09.598 GMT+0300	1.43148	1.43136	2.5	3
01.01.2010 00:06:11.781 GMT+0300	1.43156	1.43143	1.5	1.3
01.01.2010 00:06:15.497 GMT+0300	1.43162	1.43152	3.2	1.9
01.01.2010 00:06:18.965 GMT+0300	1.43164	1.4315	3.4	2.8
01.01.2010 00:06:21.197 GMT+0300	1.43145	1.43141	1.5	2.3
01.01.2010 00:06:21.781 GMT+0300	1.43136	1.43122	2.5	1.5
01.01.2010 00:06:28.737 GMT+0300	1.43128	1.43114	1.5	5.1
01.01.2010 00:06:39.146 GMT+0300	1.43132	1.43118	1.7	2.7
01.01.2010 00:06:39.475 GMT+0300	1.43134	1.43126	1.5	7.4
01.01.2010 00:06:42.991 GMT+0300	1.43143	1.4313	1.5	1.5
01.01.2010 00:06:43.834 GMT+0300	1.43146	1.43134	5.7	2.3
01.01.2010 00:06:51.073 GMT+0300	1.43147	1.43135	1.9	2.5
01.01.2010 00:06:53.187 GMT+0300	1.43147	1.43135	1.5	1.7
01.01.2010 00:06:54.358 GMT+0300	1.43146	1.43136	2.1	3.4
01.01.2010 00:06:56.717 GMT+0300	1.43145	1.43135	2.3	2.6
01.01.2010 00:07:05.315 GMT+0300	1.43147	1.43137	1.5	2.3
01.01.2010 00:07:05.567 GMT+0300	1.43149	1.43142	1.5	1.9
01.01.2010 00:07:08.099 GMT+0300	1.43155	1.43144	3.4	5.3
01.01.2010 00:07:10.183 GMT+0300	1.43157	1.43146	12.8	1.4
01.01.2010 00:07:11.848 GMT+0300	1.43158	1.43146	1.5	1.8
01.01.2010 00:07:14.775 GMT+0300	1.43159	1.43149	2.7	3
01.01.2010 00:07:20.038 GMT+0300	1.43157	1.43147	4.7	1.5
01.01.2010 00:07:26.945 GMT+0300	1.43156	1.43145	2.3	2.1
01.01.2010 00:07:30.925 GMT+0300	1.43151	1.43141	7.4	1.5
01.01.2010 00:07:32.457 GMT+0300	1.43143	1.43139	3	1.7
01.01.2010 00:07:34.185 GMT+0300	1.43143	1.43131	2.5	3
01.01.2010 00:07:36.437 GMT+0300	1.43141	1.43131	1.9	1.5
01.01.2010 00:07:38.458 GMT+0300	1.43146	1.43136	3.2	1.5
01.01.2010 00:07:41.530 GMT+0300	1.43149	1.43141	8.7	1.4
01.01.2010 00:07:43.907 GMT+0300	1.43154	1.43146	2.7	1.7
01.01.2010 00:07:47.487 GMT+0300	1.43158	1.43146	2.7	1.9
01.01.2010 00:07:49.675 GMT+0300	1.43159	1.43149	2.3	1.5
01.01.2010 00:07:53.147 GMT+0300	1.43164	1.43154	1.5	5.1
01.01.2010 00:07:55.247 GMT+0300	1.43169	1.43157	4.9	2.3
01.01.2010 00:07:57.293 GMT+0300	1.43176	1.43166	3	1.7
01.01.2010 00:07:57.719 GMT+0300	1.43179	1.43171	1.9	1.2
01.01.2010 00:08:02.908 GMT+0300	1.43148	1.43138	1.5	1.3
01.01.2010 00:08:05.037 GMT+0300	1.43152	1.43141	1.5	2.1
01.01.2010 00:08:07.698 GMT+0300	1.43158	1.43145	3.8	1.7
01.01.2010 00:08:10.568 GMT+0300	1.43163	1.43151	2.9	1.9
01.01.2010 00:08:12.873 GMT+0300	1.43165	1.43159	1.8	1.4
01.01.2010 00:08:14.949 GMT+0300	1.43169	1.43159	1.5	3.2
01.01.2010 00:08:17.599 GMT+0300	1.43165	1.43153	1.5	1.5
01.01.2010 00:08:20.318 GMT+0300	1.4316	1.43148	1.5	1.5
01.01.2010 00:08:28.904 GMT+0300	1.43155	1.43147	1.5	2.3
01.01.2010 00:08:30.977 GMT+0300	1.43156	1.43143	4.2	2.3
01.01.2010 00:08:33.357 GMT+0300	1.43154	1.43142	1.5	2.7
01.01.2010 00:08:35.507 GMT+0300	1.43152	1.43146	1.7	1.5
01.01.2010 00:08:37.099 GMT+0300	1.43153	1.43139	1.5	1.3
01.01.2010 00:08:39.533 GMT+0300	1.4315	1.4314	2.1	3
01.01.2010 00:08:39.907 GMT+0300	1.43146	1.43136	1.5	2.7
01.01.2010 00:08:40.457 GMT+0300	1.43143	1.43133	14.7	1.7
01.01.2010 00:08:43.286 GMT+0300	1.43142	1.4313	3.8	6.6
01.01.2010 00:08:44.972 GMT+0300	1.43142	1.43137	3.8	1.9
01.01.2010 00:08:45.458 GMT+0300	1.4315	1.43137	1.5	1.5
01.01.2010 00:08:47.683 GMT+0300	1.4315	1.43143	4.5	1.5
01.01.2010 00:08:47.857 GMT+0300	1.43152	1.43145	1.9	1.2
01.01.2010 00:08:53.668 GMT+0300	1.43156	1.43144	1.9	1.6
01.01.2010 00:09:03.840 GMT+0300	1.43156	1.43144	4.5	1.5
01.01.2010 00:09:06.638 GMT+0300	1.43159	1.43145	1.2	1.2
01.01.2010 00:09:08.857 GMT+0300	1.43158	1.43145	1.2	2.3
01.01.2010 00:09:09.191 GMT+0300	1.43156	1.4315	5.9	1.5
01.01.2010 00:09:11.386 GMT+0300	1.43158	1.43149	9.5	3.4
01.01.2010 00:09:15.610 GMT+0300	1.43161	1.43147	1.7	1.5
01.01.2010 00:09:17.649 GMT+0300	1.43161	1.43149	3.4	1.5
01.01.2010 00:09:19.219 GMT+0300	1.43159	1.43149	2.5	2.8
01.01.2010 00:09:21.450 GMT+0300	1.43161	1.43148	1.2	2.3
01.01.2010 00:09:23.548 GMT+0300	1.43163	1.43153	1.2	1.5
01.01.2010 00:09:26.418 GMT+0300	1.43168	1.43155	1.5	1.7
01.01.2010 00:09:27.083 GMT+0300	1.43169	1.43157	29	1.7
01.01.2010 00:09:29.479 GMT+0300	1.43167	1.43157	5.7	2.3
01.01.2010 00:09:31.480 GMT+0300	1.43166	1.43152	1.7	1.5
01.01.2010 00:09:34.620 GMT+0300	1.43164	1.4315	2.3	3.2
01.01.2010 00:09:38.649 GMT+0300	1.43163	1.43149	1.5	2.3
01.01.2010 00:09:50.535 GMT+0300	1.4316	1.4315	1.5	3.8
01.01.2010 00:09:51.829 GMT+0300	1.43157	1.43147	1.5	1.9
01.01.2010 00:09:52.050 GMT+0300	1.43156	1.43145	1.7	2.5
01.01.2010 00:09:56.286 GMT+0300	1.43155	1.43143	5.1	2.3
01.01.2010 00:09:56.786 GMT+0300	1.4315	1.43146	2.5	1.5
01.01.2010 00:09:56.897 GMT+0300	1.43149	1.43139	2.5	1.5
01.01.2010 00:09:57.560 GMT+0300	1.43147	1.43137	2.5	2.3
01.01.2010 00:10:04.239 GMT+0300	1.43146	1.43136	5.4	4.9
01.01.2010 00:10:10.300 GMT+0300	1.43148	1.43136	5.1	1.5
01.01.2010 00:10:10.986 GMT+0300	1.43148	1.43136	4	3
01.01.2010 00:10:13.008 GMT+0300	1.43147	1.43135	1.5	2.7
01.01.2010 00:10:17.267 GMT+0300	1.43144	1.43133	4.4	1.7
01.01.2010 00:10:23.159 GMT+0300	1.43138	1.43127	1.5	5.3
01.01.2010 00:10:29.458 GMT+0300	1.43133	1.43123	5.3	4.5
01.01.2010 00:10:31.747 GMT+0300	1.43132	1.4312	1.7	4.2
01.01.2010 00:10:33.767 GMT+0300	1.43135	1.43123	4.9	2.3
01.01.2010 00:10:36.304 GMT+0300	1.43139	1.43129	1.2	1.5
01.01.2010 00:10:36.414 GMT+0300	1.43143	1.43135	1.7	1.5
01.01.2010 00:10:36.526 GMT+0300	1.43148	1.43138	3.4	2.3
01.01.2010 00:10:39.165 GMT+0300	1.43156	1.4314	2.3	4
01.01.2010 00:10:39.277 GMT+0300	1.43162	1.43147	6	2.3
01.01.2010 00:10:39.704 GMT+0300	1.43166	1.43156	3.2	2.5
01.01.2010 00:10:39.928 GMT+0300	1.43169	1.43155	3	2.3
01.01.2010 00:10:40.271 GMT+0300	1.4316	1.43156	4.9	1.5
01.01.2010 00:10:40.508 GMT+0300	1.43162	1.43144	2.9	5.1
01.01.2010 00:10:42.277 GMT+0300	1.43154	1.43142	2.5	1.7
01.01.2010 00:10:46.953 GMT+0300	1.43153	1.43143	1.5	1.5
01.01.2010 00:10:47.586 GMT+0300	1.43152	1.43141	4.4	1.5
01.01.2010 00:10:49.783 GMT+0300	1.43152	1.43143	1.9	2.3
01.01.2010 00:10:53.239 GMT+0300	1.43155	1.43142	3.8	1.5
01.01.2010 00:10:55.317 GMT+0300	1.43155	1.43145	9.8	1.5
01.01.2010 00:11:03.971 GMT+0300	1.43154	1.43146	1.4	2.3
01.01.2010 00:11:07.881 GMT+0300	1.43156	1.43143	21.3	1.7
01.01.2010 00:11:15.241 GMT+0300	1.43154	1.43142	1.5	6.6
01.01.2010 00:11:17.712 GMT+0300	1.43151	1.43139	3	7.5
01.01.2010 00:11:21.232 GMT+0300	1.43153	1.43143	1.7	1.5
01.01.2010 00:11:31.425 GMT+0300	1.43161	1.43151	3.4	1.5
01.01.2010 00:11:34.181 GMT+0300	1.43171	1.43163	1.9	2.7
01.01.2010 00:11:36.431 GMT+0300	1.43179	1.43165	3	1.7
01.01.2010 00:11:41.718 GMT+0300	1.43176	1.43166	1.2	3.9
01.01.2010 00:11:44.452 GMT+0300	1.43174	1.43163	1.5	3.6
01.01.2010 00:11:49.203 GMT+0300	1.43173	1.43161	1.5	1.7
01.01.2010 00:11:51.823 GMT+0300	1.43171	1.43161	1.5	3.8
01.01.2010 00:11:54.843 GMT+0300	1.43172	1.43161	2.3	1.7
01.01.2010 00:11:55.242 GMT+0300	1.43173	1.43163	1.5	4
01.01.2010 00:11:58.780 GMT+0300	1.43175	1.43163	4	2.7
01.01.2010 00:12:05.222 GMT+0300	1.43157	1.43147	2.3	1.5
01.01.2010 00:12:08.925 GMT+0300	1.43162	1.4315	1.2	6.5
01.01.2010 00:12:12.938 GMT+0300	1.43166	1.43155	1.4	2.3
01.01.2010 00:12:22.449 GMT+0300	1.43168	1.43159	1.9	2.5
01.01.2010 00:12:24.729 GMT+0300	1.43171	1.43159	3	1.9
01.01.2010 00:12:25.637 GMT+0300	1.4317	1.4316	1.5	1.9
01.01.2010 00:12:27.240 GMT+0300	1.4317	1.43158	1.5	1.5
01.01.2010 00:12:30.129 GMT+0300	1.43165	1.43155	1.5	4.7
01.01.2010 00:12:32.166 GMT+0300	1.43161	1.43148	1.4	1.5
01.01.2010 00:12:32.388 GMT+0300	1.43154	1.43142	1.5	2.3
01.01.2010 00:12:32.995 GMT+0300	1.43152	1.43142	3.4	6.6
01.01.2010 00:12:33.222 GMT+0300	1.43156	1.43144	1.5	1.5
01.01.2010 00:12:37.631 GMT+0300	1.43161	1.43149	4.2	1.5
01.01.2010 00:12:40.331 GMT+0300	1.43165	1.43153	1.5	53.9
01.01.2010 00:12:41.342 GMT+0300	1.43166	1.43156	4.5	1.5
01.01.2010 00:12:44.473 GMT+0300	1.43172	1.43161	4.7	6.8
01.01.2010 00:12:50.728 GMT+0300	1.43178	1.43167	1.9	5.1
01.01.2010 00:12:53.842 GMT+0300	1.4318	1.43172	2.6	1.4
01.01.2010 00:13:04.489 GMT+0300	1.4319	1.4318	3.2	3.6
01.01.2010 00:13:08.048 GMT+0300	1.43196	1.43186	2.7	1.7
01.01.2010 00:13:10.817 GMT+0300	1.43204	1.43195	1.9	2.7
01.01.2010 00:13:12.948 GMT+0300	1.43212	1.43202	1.5	1.9
01.01.2010 00:13:15.468 GMT+0300	1.43225	1.43213	1.9	1.5
01.01.2010 00:13:17.518 GMT+0300	1.43232	1.43222	1.7	3.8
01.01.2010 00:13:19.734 GMT+0300	1.43232	1.43222	2.5	1.5
01.01.2010 00:13:28.269 GMT+0300	1.4322	1.4321	2.5	2.3
01.01.2010 00:13:31.038 GMT+0300	1.43204	1.43194	2.3	2.5
01.01.2010 00:13:34.408 GMT+0300	1.43187	1.43173	1.9	2.3
01.01.2010 00:13:36.526 GMT+0300	1.43168	1.43156	1.3	6.1
01.01.2010 00:13:38.748 GMT+0300	1.43159	1.43145	1.5	1.4
01.01.2010 00:13:43.016 GMT+0300	1.4316	1.43148	4.7	3.2
01.01.2010 00:13:45.127 GMT+0300	1.43164	1.43152	1.5	4.2
01.01.2010 00:13:48.316 GMT+0300	1.43166	1.43156	14.1	2.5
01.01.2010 00:13:48.539 GMT+0300	1.43169	1.43156	1.2	1.5
01.01.2010 00:13:52.466 GMT+0300	1.43169	1.43154	1.5	3.6
01.01.2010 00:13:54.549 GMT+0300	1.43166	1.43154	5.7	1.7
01.01.2010 00:14:01.954 GMT+0300	1.43173	1.43159	4.4	1.5
01.01.2010 00:14:04.092 GMT+0300	1.43167	1.43155	1.5	1.5
01.01.2010 00:14:07.120 GMT+0300	1.43157	1.43145	3.1	3
01.01.2010 00:14:09.193 GMT+0300	1.43149	1.43137	8.3	1.5
01.01.2010 00:14:15.951 GMT+0300	1.43148	1.43136	1.5	1.7
01.01.2010 00:14:18.391 GMT+0300	1.43158	1.43145	1.5	20
01.01.2010 00:14:23.050 GMT+0300	1.43169	1.43157	4.7	1.5
01.01.2010 00:14:23.462 GMT+0300	1.43176	1.43166	5.1	1.5
01.01.2010 00:14:25.502 GMT+0300	1.43174	1.43162	2.5	4.5
01.01.2010 00:14:29.913 GMT+0300	1.43169	1.43157	2.9	1.5
01.01.2010 00:14:42.712 GMT+0300	1.43162	1.43149	1.2	2.3
01.01.2010 00:14:55.591 GMT+0300	1.43154	1.43142	1.7	17.1
01.01.2010 00:14:58.872 GMT+0300	1.4315	1.43138	4.9	3.8
01.01.2010 00:15:03.841 GMT+0300	1.43151	1.43139	4.5	1.5
01.01.2010 00:15:06.529 GMT+0300	1.4316	1.43149	7.9	4.5
01.01.2010 00:15:10.952 GMT+0300	1.43171	1.43159	1.9	1.5
01.01.2010 00:15:11.439 GMT+0300	1.43185	1.43173	1.7	2.5
01.01.2010 00:15:13.441 GMT+0300	1.43198	1.43186	5.3	1.5
01.01.2010 00:15:16.754 GMT+0300	1.43205	1.43195	3.2	2.1
01.01.2010 00:15:22.270 GMT+0300	1.43203	1.43192	1.7	1.5
01.01.2010 00:15:27.889 GMT+0300	1.43199	1.43187	1.5	3
01.01.2010 00:15:33.808 GMT+0300	1.43193	1.43183	5.3	4.5
01.01.2010 00:15:35.639 GMT+0300	1.43182	1.43178	10	2.3
01.01.2010 00:15:38.228 GMT+0300	1.43182	1.4317	3.8	1.5
01.01.2010 00:15:40.337 GMT+0300	1.43178	1.43164	12.8	1.4
01.01.2010 00:15:45.341 GMT+0300	1.43176	1.43162	8.3	1.5
01.01.2010 00:15:51.449 GMT+0300	1.43175	1.43163	1.5	1.7
01.01.2010 00:15:54.881 GMT+0300	1.43175	1.43163	2.3	1.5
01.01.2010 00:15:56.928 GMT+0300	1.43175	1.43163	1.5	1.5
01.01.2010 00:16:02.730 GMT+0300	1.43167	1.43157	4.7	1.7
01.01.2010 00:16:05.370 GMT+0300	1.43169	1.43156	9.8	1.5
01.01.2010 00:16:08.472 GMT+0300	1.43168	1.43154	2.7	1.7
01.01.2010 00:16:10.808 GMT+0300	1.43164	1.43151	1.5	4.4
01.01.2010 00:16:13.262 GMT+0300	1.43162	1.4315	9.8	1.5
01.01.2010 00:16:17.052 GMT+0300	1.43167	1.43154	3.4	1.5
01.01.2010 00:16:19.221 GMT+0300	1.4317	1.43157	8.5	1.5
01.01.2010 00:16:21.933 GMT+0300	1.43173	1.43163	3	2.1
01.01.2010 00:16:25.293 GMT+0300	1.43174	1.43164	2.1	11.6
01.01.2010 00:16:27.575 GMT+0300	1.43176	1.43166	6.6	1.9
01.01.2010 00:16:34.973 GMT+0300	1.43183	1.43171	2.3	2.1
01.01.2010 00:16:36.483 GMT+0300	1.43188	1.43176	1.9	4.5
01.01.2010 00:16:36.787 GMT+0300	1.43189	1.43177	1.5	1.5
01.01.2010 00:16:44.090 GMT+0300	1.43186	1.43175	1.2	17.3
01.01.2010 00:16:46.172 GMT+0300	1.4318	1.43169	2.5	3.4
01.01.2010 00:16:48.552 GMT+0300	1.43173	1.43162	1.5	2.1
01.01.2010 00:16:51.663 GMT+0300	1.43171	1.43159	1.5	3.4
01.01.2010 00:17:03.297 GMT+0300	1.43169	1.43157	5.7	1.5
01.01.2010 00:17:10.095 GMT+0300	1.43173	1.4316	1.5	2.5
01.01.2010 00:17:11.441 GMT+0300	1.43177	1.43163	2.5	1.5
01.01.2010 00:17:12.561 GMT+0300	1.43182	1.43167	3	4.7
01.01.2010 00:17:15.782 GMT+0300	1.43184	1.4317	1.5	1.3
01.01.2010 00:17:17.850 GMT+0300	1.43187	1.43174	1.5	2.9
01.01.2010 00:17:18.070 GMT+0300	1.43187	1.43182	3.4	2.3
01.01.2010 00:17:19.307 GMT+0300	1.43192	1.43178	1.5	1.8
01.01.2010 00:17:24.082 GMT+0300	1.4319	1.43177	2.3	3
01.01.2010 00:17:27.672 GMT+0300	1.43185	1.43173	2.9	2.8
01.01.2010 00:17:29.673 GMT+0300	1.43181	1.43169	1.5	1.7
01.01.2010 00:17:33.562 GMT+0300	1.43175	1.43168	1.4	2.3
01.01.2010 00:17:36.002 GMT+0300	1.43175	1.43165	1.5	1.5
01.01.2010 00:17:39.143 GMT+0300	1.43178	1.43165	3	1.2
01.01.2010 00:17:42.070 GMT+0300	1.43182	1.43169	1.5	3.2
01.01.2010 00:17:52.013 GMT+0300	1.43183	1.43171	1.8	1.4
01.01.2010 00:18:24.986 GMT+0300	1.43179	1.43165	1.9	2.3
01.01.2010 00:18:30.037 GMT+0300	1.43192	1.4318	1.2	3
01.01.2010 00:18:36.015 GMT+0300	1.4319	1.4318	12	2.3
01.01.2010 00:18:38.035 GMT+0300	1.43175	1.43163	15	3.4
01.01.2010 00:18:40.356 GMT+0300	1.43164	1.43152	1.5	1.5
01.01.2010 00:18:45.076 GMT+0300	1.43167	1.43155	3	1.3
01.01.2010 00:18:56.675 GMT+0300	1.43175	1.43163	2.7	1.5
01.01.2010 00:18:59.256 GMT+0300	1.4318	1.43168	1.5	1.2
01.01.2010 00:19:06.816 GMT+0300	1.43185	1.43173	1.5	2.7
01.01.2010 00:19:08.943 GMT+0300	1.43181	1.4317	2.3	1.5
01.01.2010 00:19:10.973 GMT+0300	1.43177	1.43166	6.8	3.8
01.01.2010 00:19:16.946 GMT+0300	1.4317	1.43158	2.5	2.4
01.01.2010 00:19:17.033 GMT+0300	1.43161	1.43147	3.8	1.9
01.01.2010 00:19:20.824 GMT+0300	1.43151	1.43139	1.7	2.3
01.01.2010 00:19:23.434 GMT+0300	1.43153	1.43141	1.5	2.1
01.01.2010 00:19:25.852 GMT+0300	1.43167	1.43158	1.5	1.4
01.01.2010 00:19:29.103 GMT+0300	1.43188	1.43176	2.8	2.8
01.01.2010 00:19:31.614 GMT+0300	1.43211	1.43198	3.8	6.6
01.01.2010 00:19:35.652 GMT+0300	1.43231	1.43219	1.5	1.4
01.01.2010 00:19:37.702 GMT+0300	1.43238	1.4323	1.7	15.3
01.01.2010 00:19:38.032 GMT+0300	1.43234	1.43221	1.7	4
01.01.2010 00:19:43.094 GMT+0300	1.43223	1.43209	2.3	4.5
01.01.2010 00:19:45.194 GMT+0300	1.43207	1.43195	1.5	5.5
01.01.2010 00:19:47.597 GMT+0300	1.43194	1.43181	3.6	6
01.01.2010 00:19:56.734 GMT+0300	1.43185	1.43173	1.5	4.9
01.01.2010 00:20:07.307 GMT+0300	1.43177	1.43165	4.4	2
01.01.2010 00:20:07.753 GMT+0300	1.43179	1.43167	3.4	1.5
01.01.2010 00:20:10.296 GMT+0300	1.43181	1.43169	3.8	6.6
01.01.2010 00:20:26.678 GMT+0300	1.43183	1.4317	1.5	1.1
01.01.2010 00:20:30.618 GMT+0300	1.43183	1.4317	1.5	1.9
01.01.2010 00:20:33.788 GMT+0300	1.43179	1.43169	1.7	1.9
01.01.2010 00:20:37.938 GMT+0300	1.43174	1.43162	1.5	2.5
01.01.2010 00:20:42.890 GMT+0300	1.43167	1.43155	4	2.7
01.01.2010 00:20:45.858 GMT+0300	1.43164	1.43152	1.4	6.8
01.01.2010 00:20:49.058 GMT+0300	1.43168	1.43156	6.2	1.5
01.01.2010 00:20:51.097 GMT+0300	1.43175	1.43162	4.7	1.5
01.01.2010 00:20:53.725 GMT+0300	1.4318	1.43168	5.3	4.5
01.01.2010 00:20:54.167 GMT+0300	1.43185	1.43172	2.5	1.5
01.01.2010 00:20:56.607 GMT+0300	1.4319	1.43181	1.7	1.5
01.01.2010 00:20:58.055 GMT+0300	1.43195	1.43189	1.5	1.7
01.01.2010 00:20:59.146 GMT+0300	1.43201	1.43189	2.5	6.8
01.01.2010 00:21:01.940 GMT+0300	1.43205	1.43195	2.3	2.9
01.01.2010 00:21:02.727 GMT+0300	1.43206	1.43197	4.5	1.2
01.01.2010 00:21:06.440 GMT+0300	1.43206	1.43197	4.5	1.5
01.01.2010 00:21:06.551 GMT+0300	1.43204	1.43194	12.6	1.7
01.01.2010 00:21:09.368 GMT+0300	1.43203	1.43192	1.9	1.5
01.01.2010 00:21:09.932 GMT+0300	1.43197	1.43187	1.5	3.2
01.01.2010 00:21:14.053 GMT+0300	1.43193	1.43181	1.7	3.8
01.01.2010 00:21:16.744 GMT+0300	1.43186	1.43174	4.2	2.3
01.01.2010 00:21:20.041 GMT+0300	1.43185	1.43175	1.7	1.5
01.01.2010 00:21:22.354 GMT+0300	1.43193	1.43184	2.3	6.6
01.01.2010 00:21:25.442 GMT+0300	1.43201	1.43192	1.5	4
01.01.2010 00:21:27.471 GMT+0300	1.43212	1.43202	2.9	1.5
01.01.2010 00:21:29.732 GMT+0300	1.4322	1.43211	1.5	1.3
01.01.2010 00:21:32.471 GMT+0300	1.43228	1.43214	3	1.5
01.01.2010 00:21:33.565 GMT+0300	1.43229	1.43217	1.5	4.9
01.01.2010 00:21:36.714 GMT+0300	1.43224	1.43214	2.3	1.5
01.01.2010 00:21:38.994 GMT+0300	1.43218	1.43206	1.5	2.3
01.01.2010 00:21:41.203 GMT+0300	1.43212	1.43201	1.5	1.5
01.01.2010 00:21:44.684 GMT+0300	1.43207	1.43196	1.7	1.5
01.01.2010 00:21:46.853 GMT+0300	1.43198	1.43189	1.7	1.5
01.01.2010 00:21:56.092 GMT+0300	1.43192	1.43181	2.5	1.5
01.01.2010 00:21:56.492 GMT+0300	1.4319	1.43178	19.8	1.5
01.01.2010 00:22:07.365 GMT+0300	1.43175	1.43163	1.7	1.5
01.01.2010 00:22:09.644 GMT+0300	1.43174	1.4316	1.2	1.7
01.01.2010 00:22:10.523 GMT+0300	1.43171	1.4316	1.5	6
01.01.2010 00:22:14.808 GMT+0300	1.43173	1.43161	1.5	1.4
01.01.2010 00:22:18.985 GMT+0300	1.4318	1.43168	1.5	1.5
01.01.2010 00:22:20.926 GMT+0300	1.43191	1.43175	1.5	1.5
01.01.2010 00:22:34.308 GMT+0300	1.43201	1.43188	1.7	1.5
01.01.2010 00:22:38.236 GMT+0300	1.43211	1.43199	2.3	4.5
01.01.2010 00:22:38.960 GMT+0300	1.43216	1.43202	1.5	1.5
01.01.2010 00:22:45.047 GMT+0300	1.43211	1.43197	20.4	1.4
01.01.2010 00:22:48.506 GMT+0300	1.43205	1.43191	2.5	1.5
01.01.2010 00:22:52.089 GMT+0300	1.43202	1.43187	1.2	1.9
01.01.2010 00:22:55.389 GMT+0300	1.43199	1.43185	1.7	1.2
01.01.2010 00:22:58.882 GMT+0300	1.43196	1.43186	1.7	2.5
01.01.2010 00:23:06.259 GMT+0300	1.43193	1.43181	1.7	2.3
01.01.2010 00:23:08.830 GMT+0300	1.43188	1.43176	3	1.3
01.01.2010 00:23:10.840 GMT+0300	1.43181	1.43169	3.6	2.7
01.01.2010 00:23:12.860 GMT+0300	1.43175	1.43163	2.9	1.5
01.01.2010 00:23:15.820 GMT+0300	1.43172	1.4316	1.9	1.5
01.01.2010 00:23:16.443 GMT+0300	1.43177	1.43165	1.5	1.7
01.01.2010 00:23:18.529 GMT+0300	1.43183	1.4317	1.5	1.5
01.01.2010 00:23:19.628 GMT+0300	1.4319	1.43177	5.9	6.6
01.01.2010 00:23:23.115 GMT+0300	1.43197	1.43187	3.2	1.5
01.01.2010 00:23:25.899 GMT+0300	1.43204	1.43194	2.3	1.4
01.01.2010 00:23:31.009 GMT+0300	1.43207	1.43197	1.5	6.6
01.01.2010 00:23:33.339 GMT+0300	1.43205	1.43193	2.5	3
01.01.2010 00:23:39.998 GMT+0300	1.43202	1.43186	3	1.2
01.01.2010 00:23:42.177 GMT+0300	1.43197	1.43185	1.5	1.7
01.01.2010 00:23:42.760 GMT+0300	1.43192	1.4318	1.5	2.1
01.01.2010 00:23:45.679 GMT+0300	1.43192	1.4318	1.2	16.5
01.01.2010 00:23:46.009 GMT+0300	1.43191	1.43179	4.5	1.2
01.01.2010 00:23:49.048 GMT+0300	1.43191	1.43181	3.2	2.5
01.01.2010 00:23:51.448 GMT+0300	1.43192	1.43182	1.5	2.7
01.01.2010 00:23:54.528 GMT+0300	1.43194	1.43184	3.6	1.5
01.01.2010 00:24:02.241 GMT+0300	1.43194	1.43184	2.7	1.5
01.01.2010 00:24:05.382 GMT+0300	1.43209	1.43197	5.3	5.5
01.01.2010 00:24:07.959 GMT+0300	1.43224	1.43213	4.2	1.5
01.01.2010 00:24:11.279 GMT+0300	1.43238	1.43232	4.5	9.3
01.01.2010 00:24:11.612 GMT+0300	1.43257	1.43245	1.5	1.5
01.01.2010 00:24:14.137 GMT+0300	1.43268	1.43256	1.7	1.5
01.01.2010 00:24:14.473 GMT+0300	1.4327	1.43258	2.9	3.8
01.01.2010 00:24:17.261 GMT+0300	1.43258	1.43247	2.5	2.5
01.01.2010 00:24:27.114 GMT+0300	1.43243	1.43233	3.2	1.5
01.01.2010 00:24:32.981 GMT+0300	1.43226	1.43216	1.5	2.4
01.01.2010 00:24:35.433 GMT+0300	1.43209	1.43199	1.1	1.5
01.01.2010 00:24:37.452 GMT+0300	1.43194	1.43182	1.5	1.5
01.01.2010 00:24:38.894 GMT+0300	1.43188	1.43178	1.5	1.6
01.01.2010 00:24:41.823 GMT+0300	1.43195	1.43181	6.1	1.3
01.01.2010 00:24:45.069 GMT+0300	1.43204	1.4319	1.2	1.5
01.01.2010 00:24:47.853 GMT+0300	1.43214	1.432	2.5	1.5
01.01.2010 00:24:51.692 GMT+0300	1.43223	1.43211	2.7	1.8
01.01.2010 00:24:54.604 GMT+0300	1.43229	1.43217	1.7	4.2
01.01.2010 00:25:01.703 GMT+0300	1.43247	1.43233	1.7	1.5
01.01.2010 00:25:06.133 GMT+0300	1.43256	1.43243	1.9	1.2
01.01.2010 00:25:14.792 GMT+0300	1.43249	1.43233	2.1	1.5
01.01.2010 00:25:16.788 GMT+0300	1.43219	1.43207	2.1	1.5
01.01.2010 00:25:26.374 GMT+0300	1.43207	1.43193	1.5	1.6
01.01.2010 00:25:38.354 GMT+0300	1.43215	1.43202	2	1.9
01.01.2010 00:25:44.099 GMT+0300	1.43224	1.43212	3	1.5
01.01.2010 00:26:07.783 GMT+0300	1.4321	1.43198	1.5	1.4
01.01.2010 00:26:13.897 GMT+0300	1.43215	1.43202	1.7	1.5
01.01.2010 00:26:16.037 GMT+0300	1.4322	1.43207	1.5	1.7
01.01.2010 00:26:19.208 GMT+0300	1.43229	1.43216	1.5	4.4
01.01.2010 00:26:22.088 GMT+0300	1.43235	1.43223	2.3	1.7
01.01.2010 00:26:24.217 GMT+0300	1.43239	1.43226	5.3	3.4
01.01.2010 00:26:28.816 GMT+0300	1.43237	1.43223	1.5	2.7
01.01.2010 00:26:32.618 GMT+0300	1.43232	1.43218	3.6	1.5
01.01.2010 00:26:35.578 GMT+0300	1.43224	1.43211	5.7	1.5
01.01.2010 00:26:39.628 GMT+0300	1.43215	1.43202	3.8	2.7
01.01.2010 00:26:45.828 GMT+0300	1.43207	1.43195	3.4	1.5
01.01.2010 00:26:49.287 GMT+0300	1.43204	1.43192	2.7	1.5
01.01.2010 00:26:51.658 GMT+0300	1.43207	1.43195	4.2	1.7
01.01.2010 00:26:53.982 GMT+0300	1.43213	1.43199	1.5	1.5
01.01.2010 00:26:56.422 GMT+0300	1.43217	1.43205	4.5	1.5
01.01.2010 00:26:58.314 GMT+0300	1.43221	1.43209	5.3	1.5
01.01.2010 00:26:58.625 GMT+0300	1.43225	1.43211	3.2	1.5
01.01.2010 00:27:04.851 GMT+0300	1.43232	1.43218	5.3	1.9
01.01.2010 00:27:05.517 GMT+0300	1.43235	1.43225	1.5	1.5
01.01.2010 00:27:08.294 GMT+0300	1.43244	1.43231	1.5	1.5
01.01.2010 00:27:08.526 GMT+0300	1.43248	1.43242	1.5	1.6
01.01.2010 00:27:08.750 GMT+0300	1.43254	1.4325	1.5	2.3
01.01.2010 00:27:15.454 GMT+0300	1.4326	1.43246	1.5	1.9
01.01.2010 00:27:17.536 GMT+0300	1.43252	1.43242	1.5	1.5
01.01.2010 00:27:19.606 GMT+0300	1.43248	1.43236	2.5	2.3
01.01.2010 00:27:21.704 GMT+0300	1.43239	1.43229	1.2	1.2
01.01.2010 00:27:23.753 GMT+0300	1.43233	1.43224	1.5	1.7
01.01.2010 00:27:27.856 GMT+0300	1.43229	1.43219	4.5	1.5
01.01.2010 00:27:28.896 GMT+0300	1.43219	1.43213	3	1.7
01.01.2010 00:27:30.275 GMT+0300	1.43214	1.43203	1.4	1.5
01.01.2010 00:27:33.440 GMT+0300	1.43207	1.43196	3.6	2.7
01.01.2010 00:27:33.588 GMT+0300	1.43204	1.43194	3.2	1.5
01.01.2010 00:27:35.594 GMT+0300	1.43211	1.43198	3	1.3
01.01.2010 00:27:39.428 GMT+0300	1.43216	1.43208	3.2	2.3
01.01.2010 00:27:40.954 GMT+0300	1.43226	1.43214	3	4.4
01.01.2010 00:27:44.507 GMT+0300	1.43232	1.43221	3	1.5
01.01.2010 00:27:49.868 GMT+0300	1.43236	1.43225	1.7	3
01.01.2010 00:27:56.355 GMT+0300	1.43239	1.43229	1.5	1.2
01.01.2010 00:27:56.575 GMT+0300	1.43242	1.43232	1.5	1.5
01.01.2010 00:28:05.591 GMT+0300	1.43233	1.43221	5.3	1.5
01.01.2010 00:28:12.305 GMT+0300	1.4322	1.43208	3	1.3
01.01.2010 00:28:26.019 GMT+0300	1.43218	1.4321	2.5	1.5
01.01.2010 00:28:31.508 GMT+0300	1.43238	1.43224	2.5	1.5
01.01.2010 00:28:47.821 GMT+0300	1.43249	1.43235	1.5	4.7
01.01.2010 00:28:51.552 GMT+0300	1.43247	1.43233	1.5	1.7
01.01.2010 00:28:58.722 GMT+0300	1.43243	1.43229	1.5	2.7
01.01.2010 00:29:00.442 GMT+0300	1.43237	1.43223	1.5	1.5
01.01.2010 00:29:02.936 GMT+0300	1.43236	1.43223	1.5	1.4
01.01.2010 00:29:04.355 GMT+0300	1.43237	1.43223	1.4	3.4
01.01.2010 00:29:06.393 GMT+0300	1.43234	1.43226	3.8	7
01.01.2010 00:29:07.463 GMT+0300	1.43239	1.43227	4.5	1.5
01.01.2010 00:29:07.591 GMT+0300	1.43245	1.43233	1.5	2.5
01.01.2010 00:29:09.002 GMT+0300	1.43254	1.4324	1.2	1.9
01.01.2010 00:29:12.124 GMT+0300	1.43262	1.43249	1.9	2.7
01.01.2010 00:29:14.344 GMT+0300	1.43266	1.43253	1.2	3.2
01.01.2010 00:29:18.245 GMT+0300	1.43258	1.43246	1.9	3.2
01.01.2010 00:29:20.895 GMT+0300	1.43247	1.43239	14.7	1.7
01.01.2010 00:29:23.168 GMT+0300	1.43242	1.43228	1.5	3.4
01.01.2010 00:29:26.528 GMT+0300	1.43235	1.43221	3.6	1.5
01.01.2010 00:29:28.807 GMT+0300	1.43227	1.43213	3.8	6.2
01.01.2010 00:29:31.026 GMT+0300	1.4322	1.43209	1.5	1.5
01.01.2010 00:29:33.128 GMT+0300	1.43214	1.43202	1.7	3.4
01.01.2010 00:29:35.517 GMT+0300	1.43215	1.43201	1.5	2.3
01.01.2010 00:29:37.727 GMT+0300	1.43221	1.43209	1.5	3.4
01.01.2010 00:29:38.516 GMT+0300	1.43228	1.43215	1.5	1.5
01.01.2010 00:29:40.620 GMT+0300	1.43232	1.43218	1.4	1.5
01.01.2010 00:29:40.966 GMT+0300	1.4323	1.43225	1.5	2.5
01.01.2010 00:29:41.893 GMT+0300	1.43234	1.43222	3	1.5
01.01.2010 00:29:50.317 GMT+0300	1.43236	1.43221	3.9	1.9
01.01.2010 00:29:53.765 GMT+0300	1.43234	1.43226	1.5	1.7
01.01.2010 00:30:02.706 GMT+0300	1.4323	1.43218	1.4	1.3
01.01.2010 00:30:04.603 GMT+0300	1.43236	1.43224	7.4	7.9
01.01.2010 00:30:05.509 GMT+0300	1.43244	1.43232	3	1.9
01.01.2010 00:30:08.656 GMT+0300	1.43248	1.43241	1.9	2.7
01.01.2010 00:30:09.729 GMT+0300	1.43257	1.43245	1.5	1.7
01.01.2010 00:30:11.997 GMT+0300	1.43258	1.43246	1.5	1.5
01.01.2010 00:30:15.157 GMT+0300	1.43251	1.43239	23.5	2.5
01.01.2010 00:30:17.276 GMT+0300	1.43243	1.43231	1.5	1.5
01.01.2010 00:30:20.027 GMT+0300	1.43232	1.43222	1.5	1.7
01.01.2010 00:30:23.884 GMT+0300	1.43226	1.43214	3.4	1.9
01.01.2010 00:30:26.966 GMT+0300	1.43224	1.4321	1.5	1.4
01.01.2010 00:30:30.165 GMT+0300	1.43226	1.43212	4.4	1.9
01.01.2010 00:30:32.945 GMT+0300	1.43229	1.43215	2.9	3.8
01.01.2010 00:30:40.944 GMT+0300	1.43231	1.43221	4.2	6.8
01.01.2010 00:30:43.757 GMT+0300	1.43232	1.43222	1.5	1.5
01.01.2010 00:30:46.281 GMT+0300	1.43234	1.43222	1.5	3.4
01.01.2010 00:30:48.815 GMT+0300	1.43236	1.43225	7	4.5
01.01.2010 00:30:50.265 GMT+0300	1.43242	1.4323	8.7	1.4
01.01.2010 00:30:52.987 GMT+0300	1.43248	1.43237	2.7	1.5
01.01.2010 00:30:55.076 GMT+0300	1.43251	1.43241	4.4	1.7
01.01.2010 00:31:01.216 GMT+0300	1.43264	1.43251	2.1	11.6
01.01.2010 00:31:03.665 GMT+0300	1.43258	1.43248	4.5	3
01.01.2010 00:31:04.285 GMT+0300	1.43255	1.43244	1.5	1.8
01.01.2010 00:31:04.508 GMT+0300	1.4325	1.43245	1.9	1.9
01.01.2010 00:31:10.128 GMT+0300	1.43253	1.43239	4.7	2.3
01.01.2010 00:31:13.246 GMT+0300	1.43252	1.43238	2.5	1.5
01.01.2010 00:31:16.052 GMT+0300	1.43247	1.43241	1.5	2.1
01.01.2010 00:31:16.170 GMT+0300	1.43244	1.4324	3	1.5
01.01.2010 00:31:16.295 GMT+0300	1.43244	1.43236	1.5	1.6
01.01.2010 00:31:18.377 GMT+0300	1.43242	1.4323	4	1.5
01.01.2010 00:31:20.447 GMT+0300	1.43236	1.43222	1.7	4.9
01.01.2010 00:31:23.715 GMT+0300	1.43233	1.4322	6.2	1.2
01.01.2010 00:31:28.249 GMT+0300	1.43232	1.43225	1.5	1.9
01.01.2010 00:31:30.035 GMT+0300	1.43239	1.43227	5.7	1.5
01.01.2010 00:31:38.867 GMT+0300	1.43243	1.43229	1.7	2.5
01.01.2010 00:31:41.613 GMT+0300	1.43242	1.43232	1.9	1.5
01.01.2010 00:31:41.836 GMT+0300	1.4324	1.43236	2.3	6.6
01.01.2010 00:31:44.127 GMT+0300	1.43246	1.43233	1.5	1.7
01.01.2010 00:31:46.537 GMT+0300	1.43247	1.43235	1.7	3.8
01.01.2010 00:31:50.888 GMT+0300	1.4325	1.43237	1.5	1.4
01.01.2010 00:31:54.667 GMT+0300	1.43252	1.4324	1.5	2.1
01.01.2010 00:31:56.785 GMT+0300	1.43254	1.43242	1.7	1.5
01.01.2010 00:32:04.940 GMT+0300	1.43228	1.43216	6.2	1.5
01.01.2010 00:32:07.397 GMT+0300	1.43231	1.4322	1.5	4.2
01.01.2010 00:32:09.572 GMT+0300	1.43238	1.43225	1.7	1.5
01.01.2010 00:32:13.507 GMT+0300	1.43242	1.43229	1.5	2.5
01.01.2010 00:32:16.010 GMT+0300	1.43248	1.43238	1.5	1.9
01.01.2010 00:32:21.371 GMT+0300	1.43256	1.43242	3.6	1.6
01.01.2010 00:32:24.620 GMT+0300	1.43257	1.43243	1.5	1.9
01.01.2010 00:32:27.280 GMT+0300	1.43248	1.43235	1.9	2.1
01.01.2010 00:32:34.515 GMT+0300	1.43236	1.43226	2.5	1.5
01.01.2010 00:32:36.531 GMT+0300	1.43227	1.43217	1.5	1.7
01.01.2010 00:32:38.546 GMT+0300	1.43223	1.43213	5.1	3.4
01.01.2010 00:32:40.690 GMT+0300	1.43225	1.43215	1.5	1.7
01.01.2010 00:32:43.122 GMT+0300	1.4323	1.4322	3	1.7
01.01.2010 00:32:47.229 GMT+0300	1.43235	1.43225	3	1.7
01.01.2010 00:32:47.560 GMT+0300	1.43239	1.43228	1.7	3.8
01.01.2010 00:32:52.020 GMT+0300	1.43241	1.43228	6.8	2.1
01.01.2010 00:32:56.020 GMT+0300	1.43243	1.43229	1.5	3
01.01.2010 00:32:58.231 GMT+0300	1.43244	1.43232	1.5	1.5
01.01.2010 00:33:01.592 GMT+0300	1.43254	1.43242	1.5	1.9
01.01.2010 00:33:03.684 GMT+0300	1.43253	1.43241	2.5	1.5
01.01.2010 00:33:06.745 GMT+0300	1.4325	1.43237	2.5	1.5
01.01.2010 00:33:11.624 GMT+0300	1.43245	1.43234	10	1.5
01.01.2010 00:33:14.174 GMT+0300	1.43238	1.43225	1.9	3
01.01.2010 00:33:16.373 GMT+0300	1.43229	1.43216	1.9	1.5
01.01.2010 00:33:18.670 GMT+0300	1.43223	1.43215	5.3	1.7
01.01.2010 00:33:18.782 GMT+0300	1.43228	1.43218	1.2	6.5
01.01.2010 00:33:19.029 GMT+0300	1.43237	1.43225	1.5	1.5
01.01.2010 00:33:23.858 GMT+0300	1.43244	1.43234	1.5	3
01.01.2010 00:33:23.999 GMT+0300	1.43251	1.43243	2.3	6.6
01.01.2010 00:33:24.774 GMT+0300	1.43262	1.4325	5.1	1.5
01.01.2010 00:33:28.204 GMT+0300	1.43267	1.43255	1.5	5.7
01.01.2010 00:33:32.395 GMT+0300	1.43262	1.43248	1.5	1.7
01.01.2010 00:33:35.245 GMT+0300	1.43255	1.43243	2.3	1.7
01.01.2010 00:33:41.134 GMT+0300	1.43251	1.43239	3.6	3.2
01.01.2010 00:33:44.484 GMT+0300	1.43247	1.43237	1.2	1.5
01.01.2010 00:33:46.693 GMT+0300	1.43246	1.43235	4.5	1.5
01.01.2010 00:33:53.402 GMT+0300	1.43246	1.43234	3	1.9
01.01.2010 00:33:55.444 GMT+0300	1.43244	1.43236	1.9	6
01.01.2010 00:34:04.541 GMT+0300	1.43246	1.43234	2.5	3.6
01.01.2010 00:34:06.662 GMT+0300	1.43246	1.43233	2.5	1.5
01.01.2010 00:34:08.813 GMT+0300	1.43243	1.43238	1.7	2.1
01.01.2010 00:34:10.542 GMT+0300	1.43245	1.43233	1.5	2.9
01.01.2010 00:34:10.651 GMT+0300	1.43242	1.43228	2.1	3
01.01.2010 00:34:12.834 GMT+0300	1.43232	1.43226	1.5	1.5
01.01.2010 00:34:15.243 GMT+0300	1.43233	1.43221	1.5	5.1
01.01.2010 00:34:21.572 GMT+0300	1.43238	1.43226	2.5	1.5
01.01.2010 00:34:23.682 GMT+0300	1.4324	1.43232	1.7	2.1
01.01.2010 00:34:25.791 GMT+0300	1.43245	1.43235	5.5	2.5
01.01.2010 00:34:25.908 GMT+0300	1.43246	1.43239	1.5	4.2
01.01.2010 00:34:26.019 GMT+0300	1.43248	1.43242	1.5	1.5
01.01.2010 00:34:27.831 GMT+0300	1.43251	1.43242	2.3	2.9
01.01.2010 00:34:30.425 GMT+0300	1.43252	1.43243	1.7	1.5
01.01.2010 00:34:32.868 GMT+0300	1.43255	1.43245	1.5	2.1
01.01.2010 00:34:35.033 GMT+0300	1.43255	1.43249	1.5	1.7
01.01.2010 00:34:35.978 GMT+0300	1.43262	1.43248	8.7	1.4
01.01.2010 00:34:36.654 GMT+0300	1.4326	1.43248	4.5	3
01.01.2010 00:34:39.070 GMT+0300	1.43256	1.43244	5.8	2.3
01.01.2010 00:34:41.392 GMT+0300	1.43253	1.43241	2.7	1.9
01.01.2010 00:34:43.472 GMT+0300	1.43249	1.43236	2.9	2.3
01.01.2010 00:34:45.752 GMT+0300	1.43249	1.43236	1.9	1.5
01.01.2010 00:34:48.001 GMT+0300	1.4325	1.43232	4.7	1.5
01.01.2010 00:34:48.350 GMT+0300	1.43244	1.43235	1.5	1.2
01.01.2010 00:34:48.842 GMT+0300	1.43247	1.43235	1.9	1.5
01.01.2010 00:34:49.613 GMT+0300	1.43248	1.43237	2.3	2.9
01.01.2010 00:34:50.347 GMT+0300	1.43249	1.43237	2.9	3.8
01.01.2010 00:34:51.661 GMT+0300	1.43247	1.43236	1.7	2.3
01.01.2010 00:34:53.843 GMT+0300	1.43245	1.43235	3.4	2.3
01.01.2010 00:35:00.454 GMT+0300	1.43256	1.43246	2.5	1.5
01.01.2010 00:35:02.654 GMT+0300	1.43258	1.43247	1.9	8.3
01.01.2010 00:35:04.977 GMT+0300	1.43258	1.43249	1.5	3
01.01.2010 00:35:05.034 GMT+0300	1.4326	1.4325	1.5	13.5
01.01.2010 00:35:07.150 GMT+0300	1.43262	1.43249	2.5	1.2
01.01.2010 00:35:09.274 GMT+0300	1.43262	1.43249	1.5	13.5
01.01.2010 00:35:13.255 GMT+0300	1.43261	1.43248	1.5	2.9
01.01.2010 00:35:16.133 GMT+0300	1.43263	1.43251	1.7	1.5
01.01.2010 00:35:19.614 GMT+0300	1.43264	1.43254	4.2	1.7
01.01.2010 00:35:21.843 GMT+0300	1.4327	1.43256	2.3	1.5
01.01.2010 00:35:25.951 GMT+0300	1.43269	1.43261	1.5	3.8
01.01.2010 00:35:28.394 GMT+0300	1.43268	1.43256	1.6	1.5
01.01.2010 00:35:31.168 GMT+0300	1.43264	1.43251	1.2	6.5
01.01.2010 00:35:33.193 GMT+0300	1.4326	1.43248	2.5	2.3
01.01.2010 00:35:36.802 GMT+0300	1.43259	1.43246	6	1.7
01.01.2010 00:35:37.023 GMT+0300	1.43258	1.43245	1.5	1.9
01.01.2010 00:35:39.138 GMT+0300	1.43257	1.43247	1.7	3
01.01.2010 00:35:39.463 GMT+0300	1.43255	1.43249	1.5	3.2
01.01.2010 00:35:39.573 GMT+0300	1.43258	1.43246	3	1.7
01.01.2010 00:35:42.823 GMT+0300	1.43256	1.43246	4.4	1.5
01.01.2010 00:35:45.893 GMT+0300	1.43256	1.43244	3.4	1.5
01.01.2010 00:35:47.936 GMT+0300	1.43256	1.43242	1.5	1.7
01.01.2010 00:35:48.181 GMT+0300	1.4325	1.43245	3.8	3.4
01.01.2010 00:35:48.291 GMT+0300	1.43254	1.43244	2.3	4.5
01.01.2010 00:35:48.730 GMT+0300	1.43252	1.43245	1.9	2.3
01.01.2010 00:35:49.880 GMT+0300	1.43252	1.4324	10	1.5
01.01.2010 00:35:51.921 GMT+0300	1.43253	1.43236	1.5	1.7
01.01.2010 00:35:53.571 GMT+0300	1.43243	1.43236	4.4	3
01.01.2010 00:35:54.465 GMT+0300	1.43242	1.43227	3	1.5
01.01.2010 00:35:55.563 GMT+0300	1.43238	1.43226	4.2	1.7
01.01.2010 00:36:02.065 GMT+0300	1.43251	1.43237	1.9	1.9
01.01.2010 00:36:05.697 GMT+0300	1.43255	1.43243	1.5	4
01.01.2010 00:36:08.343 GMT+0300	1.43262	1.43249	1.7	1.5
01.01.2010 00:36:11.987 GMT+0300	1.43268	1.43256	2.9	1.5
01.01.2010 00:36:12.163 GMT+0300	1.43269	1.43255	1.5	1.9
01.01.2010 00:36:15.278 GMT+0300	1.43262	1.4325	1.7	1.5
01.01.2010 00:36:15.856 GMT+0300	1.43254	1.43242	3	1.5
01.01.2010 00:36:17.955 GMT+0300	1.43246	1.43234	2.7	1.8
01.01.2010 00:36:23.517 GMT+0300	1.43243	1.43231	1.2	9.8
01.01.2010 00:36:25.752 GMT+0300	1.43241	1.43235	1.5	2.4
01.01.2010 00:36:26.397 GMT+0300	1.43249	1.43236	1.5	2.1
01.01.2010 00:36:32.497 GMT+0300	1.43251	1.43239	2.3	2.6
01.01.2010 00:36:38.377 GMT+0300	1.43252	1.4324	2.4	1.5
01.01.2010 00:36:41.056 GMT+0300	1.43252	1.4324	2.3	1.7
01.01.2010 00:36:51.527 GMT+0300	1.43249	1.43237	1.5	1.7
01.01.2010 00:36:53.505 GMT+0300	1.43249	1.43235	5.7	2.3
01.01.2010 00:37:05.337 GMT+0300	1.43256	1.43244	1.5	4.4
01.01.2010 00:37:11.435 GMT+0300	1.43257	1.43245	1.1	2.3
01.01.2010 00:37:14.077 GMT+0300	1.43257	1.43245	2.9	2.3
01.01.2010 00:37:16.846 GMT+0300	1.43255	1.43243	1.9	1.7
01.01.2010 00:37:19.096 GMT+0300	1.43255	1.43243	1.2	5.4
01.01.2010 00:37:28.347 GMT+0300	1.43258	1.43246	2.5	1.5
01.01.2010 00:37:30.608 GMT+0300	1.43259	1.43249	2.9	3
01.01.2010 00:37:32.777 GMT+0300	1.4326	1.4325	9.5	3.4
01.01.2010 00:37:35.868 GMT+0300	1.43257	1.43247	1.7	1.9
01.01.2010 00:37:37.458 GMT+0300	1.43257	1.43243	4	1.5
01.01.2010 00:37:40.727 GMT+0300	1.43254	1.43243	1.7	7.5
01.01.2010 00:37:44.532 GMT+0300	1.43253	1.43243	1.5	3.8
01.01.2010 00:37:47.425 GMT+0300	1.43253	1.43241	2.5	2.1
01.01.2010 00:37:50.768 GMT+0300	1.43252	1.4324	1.5	2.3
01.01.2010 00:37:53.968 GMT+0300	1.4325	1.43239	1.4	1.5
01.01.2010 00:37:56.924 GMT+0300	1.43246	1.43238	3.4	3.4
01.01.2010 00:38:08.862 GMT+0300	1.43249	1.43235	1.5	53.9
01.01.2010 00:38:15.923 GMT+0300	1.4325	1.43236	1.7	4
01.01.2010 00:38:22.070 GMT+0300	1.43251	1.43241	2.1	1.5
01.01.2010 00:38:22.621 GMT+0300	1.43255	1.43241	3	1.5
01.01.2010 00:38:24.801 GMT+0300	1.43258	1.43246	1.9	3
01.01.2010 00:38:30.311 GMT+0300	1.43263	1.43257	4.9	3.4
01.01.2010 00:38:36.230 GMT+0300	1.43267	1.43257	2.1	1.2
01.01.2010 00:38:43.006 GMT+0300	1.43267	1.43253	4.9	4.2
01.01.2010 00:38:43.646 GMT+0300	1.4326	1.4325	1.5	1.7
01.01.2010 00:38:48.690 GMT+0300	1.43261	1.43248	2.3	2.8
01.01.2010 00:38:50.260 GMT+0300	1.43259	1.43247	1.5	1.5
01.01.2010 00:38:51.888 GMT+0300	1.43259	1.43249	2.9	3.2
01.01.2010 00:38:53.584 GMT+0300	1.43258	1.43249	4.2	1.5
01.01.2010 00:38:53.922 GMT+0300	1.43259	1.43245	11	1.5
01.01.2010 00:38:57.255 GMT+0300	1.43256	1.43246	7.5	18.1
01.01.2010 00:39:04.691 GMT+0300	1.43256	1.43242	1.9	2.3
01.01.2010 00:39:05.966 GMT+0300	1.43255	1.43242	1.5	1.5
01.01.2010 00:39:08.035 GMT+0300	1.4325	1.43243	2.9	1.5
01.01.2010 00:39:11.289 GMT+0300	1.4325	1.4324	2.9	1.7
01.01.2010 00:39:14.360 GMT+0300	1.43252	1.43241	3.4	3
01.01.2010 00:39:16.937 GMT+0300	1.43255	1.43242	1.5	2.3
01.01.2010 00:39:18.248 GMT+0300	1.43258	1.43244	2.3	1.5
01.01.2010 00:39:19.240 GMT+0300	1.43261	1.43248	1.5	1.4
01.01.2010 00:39:21.318 GMT+0300	1.4326	1.4325	1.5	2.1
01.01.2010 00:39:23.449 GMT+0300	1.43257	1.43249	1.5	20
01.01.2010 00:39:26.290 GMT+0300	1.43255	1.43247	2.9	1.5
01.01.2010 00:39:28.030 GMT+0300	1.43256	1.43244	1.5	4.2
01.01.2010 00:39:30.070 GMT+0300	1.43253	1.43243	1.2	1.5
01.01.2010 00:39:32.460 GMT+0300	1.43252	1.43242	1.5	4.4
01.01.2010 00:39:34.890 GMT+0300	1.43251	1.43241	1.5	2.5
01.01.2010 00:39:37.259 GMT+0300	1.43253	1.43241	1.5	1.7
01.01.2010 00:39:40.059 GMT+0300	1.43253	1.43243	1.7	1.2
01.01.2010 00:39:42.397 GMT+0300	1.43253	1.4324	2.3	1.9
01.01.2010 00:39:47.156 GMT+0300	1.43251	1.43239	6.6	1.2
01.01.2010 00:39:49.189 GMT+0300	1.43252	1.43238	4.5	1.5
01.01.2010 00:39:51.253 GMT+0300	1.43248	1.43242	1.5	4.2
01.01.2010 00:39:52.597 GMT+0300	1.43253	1.4324	3.2	2.5
01.01.2010 00:39:52.708 GMT+0300	1.43251	1.43245	1.5	2.1
01.01.2010 00:39:53.977 GMT+0300	1.43253	1.43241	2.4	1.5
01.01.2010 00:39:54.746 GMT+0300	1.43254	1.4324	1.7	1.3
01.01.2010 00:39:55.097 GMT+0300	1.43251	1.43242	16.2	1.7
01.01.2010 00:39:56.270 GMT+0300	1.4325	1.43245	1.5	1.7
01.01.2010 00:39:58.498 GMT+0300	1.43255	1.43243	3	1.9
01.01.2010 00:40:06.289 GMT+0300	1.43249	1.43235	1.5	1.9
01.01.2010 00:40:06.636 GMT+0300	1.4325	1.43239	1.5	4.4
01.01.2010 00:40:07.037 GMT+0300	1.43253	1.43244	2.7	1.7
01.01.2010 00:40:09.111 GMT+0300	1.43256	1.43243	3.2	3.2
01.01.2010 00:40:12.485 GMT+0300	1.43256	1.43245	1.2	2.1
01.01.2010 00:40:12.720 GMT+0300	1.43255	1.43246	5.3	3.4
01.01.2010 00:40:13.061 GMT+0300	1.43258	1.43246	1.7	3.8
01.01.2010 00:40:16.165 GMT+0300	1.43257	1.43245	3.8	1.7
01.01.2010 00:40:18.253 GMT+0300	1.43256	1.43242	1.5	1.5
01.01.2010 00:40:29.812 GMT+0300	1.43256	1.43242	1.9	2.7
01.01.2010 00:40:32.161 GMT+0300	1.43255	1.43241	1.1	1.3
01.01.2010 00:40:32.274 GMT+0300	1.43253	1.43241	1.7	1.5
01.01.2010 00:40:32.642 GMT+0300	1.43252	1.43244	1.5	1.5
01.01.2010 00:40:32.974 GMT+0300	1.43253	1.4324	1.5	2.3
01.01.2010 00:40:35.202 GMT+0300	1.43256	1.43242	5.1	1.5
01.01.2010 00:40:37.336 GMT+0300	1.43257	1.43244	1.5	4.4
01.01.2010 00:40:37.675 GMT+0300	1.43257	1.43249	3.4	1.2
01.01.2010 00:40:38.312 GMT+0300	1.43264	1.43248	3	1.9
01.01.2010 00:40:40.322 GMT+0300	1.43263	1.43249	4.1	3
01.01.2010 00:40:41.406 GMT+0300	1.4326	1.43248	1.5	4.2
01.01.2010 00:40:43.529 GMT+0300	1.43258	1.43244	1.7	1.5
01.01.2010 00:40:44.096 GMT+0300	1.43255	1.43245	1.5	2.3
01.01.2010 00:40:48.784 GMT+0300	1.43257	1.43243	1.5	2.7
01.01.2010 00:40:53.941 GMT+0300	1.43255	1.43243	2.7	5.5
01.01.2010 00:40:54.063 GMT+0300	1.43255	1.4324	2.3	3.6
01.01.2010 00:40:56.094 GMT+0300	1.43251	1.43241	2.9	3.2
01.01.2010 00:40:57.450 GMT+0300	1.43252	1.43242	3.6	1.5
01.01.2010 00:40:58.792 GMT+0300	1.43255	1.43242	4.7	1.5
01.01.2010 00:40:59.010 GMT+0300	1.43254	1.43246	1.5	4.4
01.01.2010 00:41:03.314 GMT+0300	1.43262	1.43254	1.7	2.3
01.01.2010 00:41:05.755 GMT+0300	1.43262	1.43247	2.3	2.3
01.01.2010 00:41:08.545 GMT+0300	1.43259	1.43243	1.2	4.1
01.01.2010 00:41:10.491 GMT+0300	1.43255	1.43245	1.9	1.5
01.01.2010 00:41:10.858 GMT+0300	1.43255	1.43243	1.5	3
01.01.2010 00:41:11.475 GMT+0300	1.43249	1.43245	1.4	1.5
01.01.2010 00:41:12.185 GMT+0300	1.43251	1.43238	3.2	2.3
01.01.2010 00:41:14.286 GMT+0300	1.4325	1.43234	8.7	2.9
01.01.2010 00:41:17.516 GMT+0300	1.4325	1.43236	3.2	1.5
01.01.2010 00:41:22.764 GMT+0300	1.43252	1.43239	2.5	4.5
01.01.2010 00:41:26.143 GMT+0300	1.43255	1.43243	5.7	1.7
01.01.2010 00:41:29.241 GMT+0300	1.43254	1.43244	4.4	3
01.01.2010 00:41:30.130 GMT+0300	1.43258	1.43242	3.4	5.3
01.01.2010 00:41:32.405 GMT+0300	1.43258	1.43244	3.2	2.3
01.01.2010 00:41:34.553 GMT+0300	1.43259	1.43246	1.2	17.3
01.01.2010 00:41:36.563 GMT+0300	1.43263	1.43247	3.4	4.2
01.01.2010 00:41:37.032 GMT+0300	1.43262	1.43252	1.9	1.5
01.01.2010 00:41:38.703 GMT+0300	1.43268	1.43254	4.2	1.6
01.01.2010 00:41:38.812 GMT+0300	1.43271	1.43259	1.5	6.4
01.01.2010 00:41:39.047 GMT+0300	1.43266	1.4326	1.5	1.9
01.01.2010 00:41:39.813 GMT+0300	1.43263	1.43253	4.4	1.5
01.01.2010 00:41:42.273 GMT+0300	1.43257	1.43247	1.5	6.4
01.01.2010 00:41:44.493 GMT+0300	1.43257	1.43245	1.5	3.4
01.01.2010 00:41:44.823 GMT+0300	1.43255	1.43247	1.5	5.9
01.01.2010 00:41:46.425 GMT+0300	1.43258	1.43246	2.5	6
01.01.2010 00:41:52.406 GMT+0300	1.43259	1.43249	1.5	1.2
01.01.2010 00:41:56.420 GMT+0300	1.4326	1.4325	2.1	11.6
01.01.2010 00:41:58.594 GMT+0300	1.43263	1.43253	3	1.9
01.01.2010 00:42:03.319 GMT+0300	1.43242	1.43234	2.5	4.5
01.01.2010 00:42:11.310 GMT+0300	1.4324	1.43231	1.5	1.5
01.01.2010 00:42:13.339 GMT+0300	1.43245	1.43235	4.5	1.2
01.01.2010 00:42:22.810 GMT+0300	1.43259	1.43247	1.2	1.5
01.01.2010 00:42:35.611 GMT+0300	1.43267	1.43255	1.5	1.7
01.01.2010 00:42:42.850 GMT+0300	1.43267	1.43257	1.5	3.8
01.01.2010 00:42:49.739 GMT+0300	1.43265	1.43255	1.9	1.5
01.01.2010 00:42:51.949 GMT+0300	1.43263	1.43255	1.2	2.1
01.01.2010 00:42:54.070 GMT+0300	1.43263	1.43253	1.5	3.9
01.01.2010 00:42:54.686 GMT+0300	1.43263	1.43253	5.3	1.5
01.01.2010 00:42:57.571 GMT+0300	1.43265	1.43255	1.5	5.1
01.01.2010 00:43:01.562 GMT+0300	1.43256	1.43244	2.3	4.5
01.01.2010 00:43:04.427 GMT+0300	1.43252	1.43242	1.5	4.5
01.01.2010 00:43:06.649 GMT+0300	1.43251	1.4324	1.5	1.7
01.01.2010 00:43:07.172 GMT+0300	1.4325	1.43238	1.5	2.7
01.01.2010 00:43:10.517 GMT+0300	1.43247	1.43238	3.6	1.5
01.01.2010 00:43:18.723 GMT+0300	1.4325	1.43236	1.5	4.5
01.01.2010 00:43:18.836 GMT+0300	1.43248	1.43241	1.7	1.9
01.01.2010 00:43:20.665 GMT+0300	1.43254	1.43242	1.1	2.1
01.01.2010 00:43:22.667 GMT+0300	1.43256	1.43242	1.7	1.5
01.01.2010 00:43:23.751 GMT+0300	1.43256	1.43246	7.9	4.5
01.01.2010 00:43:25.007 GMT+0300	1.43261	1.43251	1.5	2.3
01.01.2010 00:43:27.872 GMT+0300	1.43267	1.43255	1.7	3.8
01.01.2010 00:43:30.439 GMT+0300	1.4327	1.4326	4.2	1.5
01.01.2010 00:43:32.718 GMT+0300	1.43267	1.43259	2.5	1.7
01.01.2010 00:43:32.837 GMT+0300	1.43265	1.43255	1.4	3
01.01.2010 00:43:33.938 GMT+0300	1.43264	1.43252	1.5	1.7
01.01.2010 00:43:38.027 GMT+0300	1.43262	1.43248	2.7	3
01.01.2010 00:43:54.576 GMT+0300	1.43261	1.43247	1.7	1.5
01.01.2010 00:43:56.645 GMT+0300	1.43256	1.43248	6.8	2.1
01.01.2010 00:44:01.098 GMT+0300	1.43236	1.43224	5.7	2.3
01.01.2010 00:44:06.086 GMT+0300	1.43237	1.43225	1.9	2
01.01.2010 00:44:07.352 GMT+0300	1.43233	1.43227	1.5	3.2
01.01.2010 00:44:07.466 GMT+0300	1.43234	1.43223	4.2	1.7
01.01.2010 00:44:09.478 GMT+0300	1.43229	1.43222	1.5	1.9
01.01.2010 00:44:13.857 GMT+0300	1.43234	1.43218	1.5	3.4
01.01.2010 00:44:16.156 GMT+0300	1.43236	1.43226	2.5	4.5
01.01.2010 00:44:18.700 GMT+0300	1.43245	1.43235	4.7	2.3
01.01.2010 00:44:20.917 GMT+0300	1.43254	1.43242	1.5	5.7
01.01.2010 00:44:22.075 GMT+0300	1.43262	1.43252	4.2	1.5
01.01.2010 00:44:23.169 GMT+0300	1.43266	1.43256	5.1	3
01.01.2010 00:44:25.849 GMT+0300	1.43259	1.43251	1.5	1.5
01.01.2010 00:44:29.298 GMT+0300	1.43256	1.43245	4	2.1
01.01.2010 00:44:34.008 GMT+0300	1.43252	1.4324	1.5	3.4
01.01.2010 00:44:36.560 GMT+0300	1.43252	1.43238	1.9	2.7
01.01.2010 00:44:41.528 GMT+0300	1.4325	1.43236	1.5	1.7
01.01.2010 00:44:43.869 GMT+0300	1.4325	1.43236	1.5	1.7
01.01.2010 00:44:47.439 GMT+0300	1.43252	1.43238	1.7	1.5
01.01.2010 00:44:48.976 GMT+0300	1.43254	1.43238	1.7	2.8
01.01.2010 00:44:49.970 GMT+0300	1.43255	1.43241	1.7	1.5
01.01.2010 00:44:52.671 GMT+0300	1.43251	1.43245	1.5	1.5
01.01.2010 00:45:02.977 GMT+0300	1.43265	1.43249	4.5	3.2
01.01.2010 00:45:08.618 GMT+0300	1.43258	1.43246	1.5	1.5
01.01.2010 00:45:11.194 GMT+0300	1.43252	1.43239	2.3	1.9
01.01.2010 00:45:14.230 GMT+0300	1.43246	1.43234	5.3	7.1
01.01.2010 00:45:17.765 GMT+0300	1.43249	1.43237	3.6	4
01.01.2010 00:45:20.692 GMT+0300	1.43263	1.43253	1.5	4.2
01.01.2010 00:45:21.026 GMT+0300	1.43276	1.43268	1.5	3.2
01.01.2010 00:45:23.055 GMT+0300	1.43281	1.43273	1.9	4.4
01.01.2010 00:45:25.866 GMT+0300	1.4328	1.4327	3	1.7
01.01.2010 00:45:27.876 GMT+0300	1.43275	1.43263	1.9	1.7
01.01.2010 00:45:30.614 GMT+0300	1.4327	1.43262	3	2.9
01.01.2010 00:45:31.626 GMT+0300	1.43273	1.4326	1.9	3.4
01.01.2010 00:45:36.076 GMT+0300	1.43274	1.43263	1.5	5.7
01.01.2010 00:45:40.286 GMT+0300	1.43279	1.43266	7.5	1.2
01.01.2010 00:45:59.635 GMT+0300	1.43282	1.4327	2.5	6.8
01.01.2010 00:46:01.132 GMT+0300	1.43294	1.43282	13.2	8.3
01.01.2010 00:46:03.156 GMT+0300	1.43288	1.43281	1.1	6.6
01.01.2010 00:46:05.064 GMT+0300	1.43289	1.43275	1.5	2.1
01.01.2010 00:46:09.652 GMT+0300	1.43289	1.43274	1.5	3.8
01.01.2010 00:46:11.811 GMT+0300	1.43289	1.43275	2.3	2.1
01.01.2010 00:46:12.030 GMT+0300	1.43287	1.43279	1.5	1.9
01.01.2010 00:46:12.155 GMT+0300	1.43295	1.43281	5.7	1.5
01.01.2010 00:46:12.600 GMT+0300	1.43297	1.43289	1.2	2.8
01.01.2010 00:46:13.572 GMT+0300	1.43303	1.43289	4.2	4.2
01.01.2010 00:46:15.892 GMT+0300	1.433	1.43287	3	1.7
01.01.2010 00:46:18.072 GMT+0300	1.43297	1.43285	1.5	4.2
01.01.2010 00:46:20.098 GMT+0300	1.43295	1.43285	1.7	1.7
01.01.2010 00:46:22.630 GMT+0300	1.43295	1.43282	1.7	2.1
01.01.2010 00:46:24.722 GMT+0300	1.43291	1.43281	1.2	2.9
01.01.2010 00:46:26.921 GMT+0300	1.43287	1.43276	6.6	1.5
01.01.2010 00:46:28.761 GMT+0300	1.43281	1.4327	1.5	2.3
01.01.2010 00:46:29.029 GMT+0300	1.43273	1.43261	2.3	3.8
01.01.2010 00:46:31.177 GMT+0300	1.43262	1.43252	2.1	3
01.01.2010 00:46:33.421 GMT+0300	1.43251	1.43239	2.5	1.5
01.01.2010 00:46:33.750 GMT+0300	1.43243	1.43237	1.5	1.9
01.01.2010 00:46:34.880 GMT+0300	1.43249	1.43239	2.5	1.5
01.01.2010 00:46:39.401 GMT+0300	1.43254	1.43246	2.5	1.5
01.01.2010 00:46:44.322 GMT+0300	1.4326	1.43248	4.5	1.5
01.01.2010 00:46:47.128 GMT+0300	1.43264	1.43253	1.5	2.9
01.01.2010 00:46:47.611 GMT+0300	1.43265	1.43253	1.5	1.7
01.01.2010 00:46:47.720 GMT+0300	1.43264	1.43254	1.5	1.5
01.01.2010 00:46:49.903 GMT+0300	1.43263	1.43252	12.6	1.7
01.01.2010 00:46:52.254 GMT+0300	1.4326	1.43248	2.9	1.5
01.01.2010 00:46:57.092 GMT+0300	1.43258	1.43246	4.4	1.9
01.01.2010 00:47:07.982 GMT+0300	1.43257	1.43243	1.5	3.6
01.01.2010 00:47:08.655 GMT+0300	1.43253	1.43244	1.9	2.7
01.01.2010 00:47:08.875 GMT+0300	1.43251	1.43244	1.7	3
01.01.2010 00:47:10.837 GMT+0300	1.43251	1.43241	2.3	3.4
01.01.2010 00:47:13.046 GMT+0300	1.43253	1.43239	1.5	3.2
01.01.2010 00:47:15.098 GMT+0300	1.43252	1.43242	4.5	1.5
01.01.2010 00:47:18.329 GMT+0300	1.43254	1.43242	1.4	1.5
01.01.2010 00:47:21.077 GMT+0300	1.43259	1.43247	1.9	2.1
01.01.2010 00:47:24.595 GMT+0300	1.43259	1.43249	1.4	1.5
01.01.2010 00:47:25.218 GMT+0300	1.43256	1.43244	1.5	3.2
01.01.2010 00:47:26.429 GMT+0300	1.43252	1.43242	1.5	1.5
01.01.2010 00:47:28.476 GMT+0300	1.43252	1.4324	2.1	2.8
01.01.2010 00:47:29.840 GMT+0300	1.43249	1.43241	5.5	15.6
01.01.2010 00:47:30.636 GMT+0300	1.4325	1.43242	3.2	1.5
01.01.2010 00:47:33.398 GMT+0300	1.43253	1.43241	1.5	1.5
01.01.2010 00:47:36.278 GMT+0300	1.43251	1.43239	2.9	3.8
01.01.2010 00:47:39.757 GMT+0300	1.4325	1.43237	2.4	1.4
01.01.2010 00:47:41.082 GMT+0300	1.43244	1.43236	1.2	1.4
01.01.2010 00:47:43.187 GMT+0300	1.43242	1.4323	1.5	3.8
01.01.2010 00:47:45.336 GMT+0300	1.43241	1.43229	4.2	1.5
01.01.2010 00:47:47.338 GMT+0300	1.43246	1.43234	2.7	1.9
01.01.2010 00:47:47.454 GMT+0300	1.43248	1.43238	12	2.3
01.01.2010 00:47:49.705 GMT+0300	1.4325	1.43244	3.8	6.6
01.01.2010 00:47:52.753 GMT+0300	1.43256	1.43246	5.1	1.5
01.01.2010 00:47:55.155 GMT+0300	1.43259	1.43245	3.8	1.5
01.01.2010 00:47:57.552 GMT+0300	1.43259	1.43247	1.5	2.3
01.01.2010 00:47:58.392 GMT+0300	1.43257	1.43248	6.6	1.5
01.01.2010 00:47:58.513 GMT+0300	1.43256	1.43247	1.7	4.5
01.01.2010 00:47:58.848 GMT+0300	1.43252	1.43248	1.5	5.1
01.01.2010 00:48:00.685 GMT+0300	1.43255	1.43241	1.5	5.1
01.01.2010 00:48:01.424 GMT+0300	1.4325	1.43237	3	1.5
01.01.2010 00:48:01.551 GMT+0300	1.43242	1.43236	3	3.2
01.01.2010 00:48:01.669 GMT+0300	1.43235	1.43231	2.3	1.7
01.01.2010 00:48:01.782 GMT+0300	1.43234	1.43221	1.5	2.3
01.01.2010 00:48:01.895 GMT+0300	1.43232	1.4322	3.2	6
01.01.2010 00:48:02.262 GMT+0300	1.43233	1.43223	1.7	2.3
01.01.2010 00:48:03.596 GMT+0300	1.43238	1.43225	1.5	1.5
01.01.2010 00:48:06.000 GMT+0300	1.43242	1.4323	2.5	3
01.01.2010 00:48:08.345 GMT+0300	1.43244	1.43232	4.7	1.5
01.01.2010 00:48:11.564 GMT+0300	1.43249	1.43239	1.4	13.5
01.01.2010 00:48:12.927 GMT+0300	1.43257	1.43245	2.5	1.5
01.01.2010 00:48:16.005 GMT+0300	1.43263	1.43253	2.9	3.8
01.01.2010 00:48:18.285 GMT+0300	1.43265	1.43255	2.5	1.5
01.01.2010 00:48:18.726 GMT+0300	1.43259	1.43247	1.5	1.4
01.01.2010 00:48:21.136 GMT+0300	1.43254	1.43241	1.5	1.5
01.01.2010 00:48:23.387 GMT+0300	1.43249	1.43236	1.1	6.6
01.01.2010 00:48:26.234 GMT+0300	1.43249	1.43236	6.6	1.5
01.01.2010 00:48:33.055 GMT+0300	1.43248	1.43235	2.5	1.5
01.01.2010 00:48:35.805 GMT+0300	1.43249	1.43237	1.7	2.3
01.01.2010 00:48:39.176 GMT+0300	1.4325	1.43236	1.4	1.5
01.01.2010 00:48:43.161 GMT+0300	1.43247	1.43237	1.5	1.5
01.01.2010 00:48:45.436 GMT+0300	1.4325	1.43236	2.5	3
01.01.2010 00:48:47.685 GMT+0300	1.43251	1.43239	1.5	20
01.01.2010 00:48:53.527 GMT+0300	1.43253	1.43241	3	1.5
01.01.2010 00:48:56.166 GMT+0300	1.43254	1.43242	1.5	1.7
01.01.2010 00:49:05.662 GMT+0300	1.43255	1.43243	1.5	1.7
01.01.2010 00:49:08.881 GMT+0300	1.43253	1.43241	3.2	1.5
01.01.2010 00:49:15.385 GMT+0300	1.43251	1.43239	1.5	1.9
01.01.2010 00:49:19.431 GMT+0300	1.43251	1.43239	14.7	1.7
01.01.2010 00:49:21.972 GMT+0300	1.43255	1.43243	3.4	2.5
01.01.2010 00:49:32.319 GMT+0300	1.43259	1.43245	1.5	4.2
01.01.2010 00:49:35.162 GMT+0300	1.43263	1.4325	2.3	3
01.01.2010 00:49:38.470 GMT+0300	1.43263	1.43251	13.2	8.3
01.01.2010 00:49:40.681 GMT+0300	1.43263	1.43249	3.4	1.5
01.01.2010 00:49:40.868 GMT+0300	1.43262	1.43248	2.3	2.7
01.01.2010 00:49:43.369 GMT+0300	1.43259	1.43248	2.7	1.2
01.01.2010 00:49:43.816 GMT+0300	1.43259	1.43247	1.2	3
01.01.2010 00:49:50.002 GMT+0300	1.43258	1.43246	3.8	6.6
01.01.2010 00:49:52.442 GMT+0300	1.43259	1.43245	5.1	1.5
01.01.2010 00:49:54.781 GMT+0300	1.43258	1.43244	2.3	5.1
01.01.2010 00:49:56.852 GMT+0300	1.43257	1.43243	3.8	1.7
01.01.2010 00:50:02.502 GMT+0300	1.4324	1.4323	4.7	2.7
01.01.2010 00:50:06.850 GMT+0300	1.43249	1.43235	3.8	3.2
01.01.2010 00:50:09.071 GMT+0300	1.43254	1.43244	1.5	1.5
01.01.2010 00:50:11.730 GMT+0300	1.43258	1.43246	3	6.8
01.01.2010 00:50:14.382 GMT+0300	1.43254	1.43242	1.5	1.5
01.01.2010 00:50:19.195 GMT+0300	1.43246	1.43233	1.5	3.2
01.01.2010 00:50:20.417 GMT+0300	1.43237	1.43226	1.5	1.7
01.01.2010 00:50:22.559 GMT+0300	1.43234	1.43222	2.5	2.3
01.01.2010 00:50:31.252 GMT+0300	1.43235	1.43225	1.2	1.5
01.01.2010 00:50:34.600 GMT+0300	1.4324	1.4323	1.5	1.7
01.01.2010 00:50:36.851 GMT+0300	1.43245	1.43233	1.7	2.3
01.01.2010 00:50:38.882 GMT+0300	1.43249	1.43236	3.8	6.2
01.01.2010 00:50:42.490 GMT+0300	1.4325	1.4324	31.4	4.4
01.01.2010 00:50:50.811 GMT+0300	1.43251	1.43242	1.5	2.7
01.01.2010 00:50:53.051 GMT+0300	1.43253	1.43242	1.5	4.2
01.01.2010 00:50:57.460 GMT+0300	1.43252	1.43246	1.2	1.5
01.01.2010 00:51:02.867 GMT+0300	1.43253	1.43243	5.7	1.7
01.01.2010 00:51:06.364 GMT+0300	1.43251	1.43241	1.7	4.1
01.01.2010 00:51:08.373 GMT+0300	1.43251	1.4324	1.5	2.1
01.01.2010 00:51:10.411 GMT+0300	1.43248	1.4324	1.7	1.5
01.01.2010 00:51:10.917 GMT+0300	1.43248	1.43237	2.3	2.9
01.01.2010 00:51:11.271 GMT+0300	1.43244	1.43234	1.2	1.5
01.01.2010 00:51:13.332 GMT+0300	1.4324	1.4323	1.5	1.7
01.01.2010 00:51:13.997 GMT+0300	1.43236	1.43222	1.7	17.1
01.01.2010 00:51:16.067 GMT+0300	1.43233	1.43219	4.5	3.4
01.01.2010 00:51:18.551 GMT+0300	1.43235	1.43222	12.8	1.4
01.01.2010 00:51:20.592 GMT+0300	1.43239	1.43229	3	2.1
01.01.2010 00:51:23.164 GMT+0300	1.43244	1.43232	3	1.3
01.01.2010 00:51:25.164 GMT+0300	1.43249	1.4324	16.2	1.1
01.01.2010 00:51:27.776 GMT+0300	1.43257	1.43245	1.5	1.9
01.01.2010 00:51:30.196 GMT+0300	1.43257	1.43247	5.9	1.5
01.01.2010 00:51:32.282 GMT+0300	1.43251	1.43245	1.2	1.5
01.01.2010 00:51:33.566 GMT+0300	1.43249	1.43237	1.5	2.7
01.01.2010 00:51:35.612 GMT+0300	1.43245	1.43233	1.7	1.5
01.01.2010 00:51:38.534 GMT+0300	1.43243	1.43232	1.5	1.5
01.01.2010 00:51:41.316 GMT+0300	1.43244	1.43231	2.7	1.9
01.01.2010 00:51:43.416 GMT+0300	1.43245	1.43235	4.7	1.7
01.01.2010 00:51:45.545 GMT+0300	1.43248	1.43234	1.7	1.2
01.01.2010 00:51:47.611 GMT+0300	1.43251	1.43238	2.3	1.2
01.01.2010 00:51:51.764 GMT+0300	1.43255	1.43241	2.5	5.1
01.01.2010 00:51:54.936 GMT+0300	1.43252	1.43244	1.5	1.5
01.01.2010 00:52:09.348 GMT+0300	1.43249	1.43239	1.5	1.4
01.01.2010 00:52:11.680 GMT+0300	1.43256	1.43242	1.5	6.6
01.01.2010 00:52:13.743 GMT+0300	1.43259	1.43247	1.5	3.8
01.01.2010 00:52:16.776 GMT+0300	1.43265	1.4325	2.9	1.5
01.01.2010 00:52:19.286 GMT+0300	1.43267	1.43257	4.5	1.5
01.01.2010 00:52:21.186 GMT+0300	1.43271	1.43257	6.6	1.5
01.01.2010 00:52:22.208 GMT+0300	1.43265	1.43252	5.3	1.2
01.01.2010 00:52:25.337 GMT+0300	1.43258	1.43246	4	1.9
01.01.2010 00:52:27.403 GMT+0300	1.4325	1.43238	2.5	2.3
01.01.2010 00:52:29.496 GMT+0300	1.43242	1.43232	1.5	1.5
01.01.2010 00:52:31.587 GMT+0300	1.43235	1.43223	1.5	1.9
01.01.2010 00:52:37.454 GMT+0300	1.43227	1.43217	1.7	1.5
01.01.2010 00:52:41.017 GMT+0300	1.43219	1.43209	4	1.5
01.01.2010 00:52:43.675 GMT+0300	1.43213	1.43199	4.4	1.5
01.01.2010 00:52:43.908 GMT+0300	1.43206	1.43192	1.7	2.1
01.01.2010 00:52:47.545 GMT+0300	1.43203	1.43195	1.5	1.5
01.01.2010 00:52:49.183 GMT+0300	1.43212	1.43204	3	2.1
01.01.2010 00:52:49.954 GMT+0300	1.43223	1.43213	1.7	2.3
01.01.2010 00:52:53.264 GMT+0300	1.4323	1.43218	1.5	3.2
01.01.2010 00:52:53.380 GMT+0300	1.43239	1.43225	3.4	1.7
01.01.2010 00:52:56.896 GMT+0300	1.43242	1.43228	1.7	4.1
01.01.2010 00:52:59.188 GMT+0300	1.43245	1.43231	1.7	1.5
01.01.2010 00:53:01.753 GMT+0300	1.43239	1.43225	13.2	8.3
01.01.2010 00:53:04.113 GMT+0300	1.43243	1.43228	1.5	4.9
01.01.2010 00:53:08.012 GMT+0300	1.43245	1.43232	3.8	1.7
01.01.2010 00:53:10.151 GMT+0300	1.43245	1.43232	1.7	1.5
01.01.2010 00:53:12.401 GMT+0300	1.43247	1.43233	1.5	2.5
01.01.2010 00:53:14.489 GMT+0300	1.43248	1.43235	2.9	1.5
01.01.2010 00:53:14.811 GMT+0300	1.43244	1.4324	3	3.2
01.01.2010 00:53:15.473 GMT+0300	1.43245	1.43235	2.9	1.5
01.01.2010 00:53:15.812 GMT+0300	1.43241	1.43229	2.3	4.5
01.01.2010 00:53:18.066 GMT+0300	1.43233	1.43226	4.2	1.7
01.01.2010 00:53:18.892 GMT+0300	1.43228	1.43216	1.5	5.3
01.01.2010 00:53:19.720 GMT+0300	1.43224	1.43212	1.5	2.5
01.01.2010 00:53:19.940 GMT+0300	1.43223	1.43217	1.5	5.1
01.01.2010 00:53:21.495 GMT+0300	1.43228	1.43218	3.2	2.3
01.01.2010 00:53:21.610 GMT+0300	1.43229	1.43225	1.9	3.8
01.01.2010 00:53:23.641 GMT+0300	1.43236	1.43222	3.6	1.5
01.01.2010 00:53:27.882 GMT+0300	1.43239	1.43227	1.9	5.1
01.01.2010 00:53:29.984 GMT+0300	1.43244	1.43235	2.5	4
01.01.2010 00:53:30.327 GMT+0300	1.43251	1.43244	1.5	1.9
01.01.2010 00:53:31.231 GMT+0300	1.43263	1.43253	2.5	1.5
01.01.2010 00:53:32.235 GMT+0300	1.43264	1.43259	1.5	3.4
01.01.2010 00:53:33.357 GMT+0300	1.43265	1.43255	1.5	6.6
01.01.2010 00:53:33.485 GMT+0300	1.43262	1.4325	4.7	1.7
01.01.2010 00:53:35.698 GMT+0300	1.43256	1.43246	1.9	2.1
01.01.2010 00:53:36.890 GMT+0300	1.43255	1.43243	24.3	1.2
01.01.2010 00:53:38.985 GMT+0300	1.43252	1.43244	2.3	1.3
01.01.2010 00:53:40.207 GMT+0300	1.43252	1.43242	1.5	2.3
01.01.2010 00:53:42.602 GMT+0300	1.43251	1.4324	12.8	1.4
01.01.2010 00:53:44.923 GMT+0300	1.43249	1.43238	3.4	2.3
01.01.2010 00:53:48.512 GMT+0300	1.43248	1.43236	2.5	1.9
01.01.2010 00:53:50.972 GMT+0300	1.43248	1.43237	3.4	1.5
01.01.2010 00:53:54.858 GMT+0300	1.43248	1.43239	4.4	1.5
01.01.2010 00:53:56.867 GMT+0300	1.43252	1.43241	3.2	1.5
01.01.2010 00:53:57.205 GMT+0300	1.43251	1.43245	1.5	2.5
01.01.2010 00:54:02.472 GMT+0300	1.43247	1.43235	2.4	2.5
01.01.2010 00:54:04.492 GMT+0300	1.43249	1.43237	1.9	5.9
01.01.2010 00:54:06.912 GMT+0300	1.43252	1.4324	1.5	2.4
01.01.2010 00:54:08.958 GMT+0300	1.43256	1.43247	1.2	2.3
01.01.2010 00:54:10.482 GMT+0300	1.43261	1.4325	1.9	1.6
01.01.2010 00:54:12.910 GMT+0300	1.43265	1.43257	1.9	3
01.01.2010 00:54:15.442 GMT+0300	1.43268	1.43258	1.5	6.8
01.01.2010 00:54:17.959 GMT+0300	1.43265	1.43253	1.5	1.5
01.01.2010 00:54:18.301 GMT+0300	1.43255	1.43248	3	1.5
01.01.2010 00:54:18.632 GMT+0300	1.43252	1.43242	1.2	4.5
01.01.2010 00:54:20.729 GMT+0300	1.43247	1.43239	1.5	2.3
01.01.2010 00:54:22.829 GMT+0300	1.43245	1.43233	1.5	3.8
01.01.2010 00:54:24.913 GMT+0300	1.43243	1.43231	1.7	1.9
01.01.2010 00:54:25.144 GMT+0300	1.43235	1.43229	1.5	3
01.01.2010 00:54:25.258 GMT+0300	1.4323	1.43222	2.9	1.5
01.01.2010 00:54:27.401 GMT+0300	1.43226	1.43214	3.4	2.7
01.01.2010 00:54:30.789 GMT+0300	1.43224	1.43214	1.5	5.1
01.01.2010 00:54:32.880 GMT+0300	1.4323	1.4322	1.5	5.5
01.01.2010 00:54:35.171 GMT+0300	1.43237	1.43225	1.5	3.8
01.01.2010 00:54:37.386 GMT+0300	1.43243	1.43233	4.2	1.7
01.01.2010 00:54:38.908 GMT+0300	1.43248	1.43238	4.5	6
01.01.2010 00:54:41.116 GMT+0300	1.43252	1.4324	3.8	1.5
01.01.2010 00:54:43.329 GMT+0300	1.43253	1.43241	2.7	1.9
01.01.2010 00:54:45.794 GMT+0300	1.43253	1.43242	1.5	1.5
01.01.2010 00:54:47.054 GMT+0300	1.43254	1.43242	1.5	1.7
01.01.2010 00:54:47.927 GMT+0300	1.43252	1.43242	5.1	5.1
01.01.2010 00:54:50.153 GMT+0300	1.43253	1.43244	1.7	2.3
01.01.2010 00:54:55.781 GMT+0300	1.43255	1.43245	2.5	1.5
01.01.2010 00:55:02.208 GMT+0300	1.43259	1.43247	1.7	1.5
01.01.2010 00:55:05.347 GMT+0300	1.43246	1.43237	4.5	1.9
01.01.2010 00:55:07.923 GMT+0300	1.43234	1.43223	2.5	3
01.01.2010 00:55:10.746 GMT+0300	1.43223	1.43211	1.5	1.7
01.01.2010 00:55:16.667 GMT+0300	1.43217	1.4321	6.6	1.5
01.01.2010 00:55:22.219 GMT+0300	1.43229	1.43217	11.1	1.2
01.01.2010 00:55:22.986 GMT+0300	1.43239	1.43229	1.5	4.9
01.01.2010 00:55:23.316 GMT+0300	1.4325	1.43243	3.2	1.5
01.01.2010 00:55:23.646 GMT+0300	1.43261	1.43251	3.8	1.7
01.01.2010 00:55:27.578 GMT+0300	1.43272	1.4326	1.7	1.2
01.01.2010 00:55:29.847 GMT+0300	1.43279	1.43269	2.3	2.1
01.01.2010 00:55:31.907 GMT+0300	1.43286	1.43276	2.7	3.1
01.01.2010 00:55:34.656 GMT+0300	1.43288	1.43276	1.5	1.5
01.01.2010 00:55:36.937 GMT+0300	1.43285	1.43272	10	2.3
01.01.2010 00:55:42.188 GMT+0300	1.43279	1.43265	1.4	1.5
01.01.2010 00:55:44.418 GMT+0300	1.43269	1.43259	7.9	4.5
01.01.2010 00:55:46.510 GMT+0300	1.4326	1.43253	1.5	3
01.01.2010 00:55:46.968 GMT+0300	1.43254	1.43242	1.5	9.5
01.01.2010 00:55:51.217 GMT+0300	1.43246	1.43234	2.7	4.9
01.01.2010 00:55:53.808 GMT+0300	1.43237	1.43225	3.6	1.5
01.01.2010 00:55:56.878 GMT+0300	1.43232	1.4322	7.9	4.5
01.01.2010 00:56:03.833 GMT+0300	1.43238	1.43226	2.9	3
01.01.2010 00:56:07.384 GMT+0300	1.43238	1.43228	1.9	2.5
01.01.2010 00:56:09.841 GMT+0300	1.4324	1.4323	5.1	3.4
01.01.2010 00:56:12.810 GMT+0300	1.4324	1.43231	2.9	1.5
01.01.2010 00:56:13.813 GMT+0300	1.43239	1.43228	2.7	3
01.01.2010 00:56:16.633 GMT+0300	1.43237	1.43227	1.5	1.5
01.01.2010 00:56:19.070 GMT+0300	1.43236	1.43228	1.7	1.5
01.01.2010 00:56:19.180 GMT+0300	1.43238	1.43228	1.5	1.7
01.01.2010 00:56:20.834 GMT+0300	1.43241	1.43228	5.1	1.6
01.01.2010 00:56:24.602 GMT+0300	1.43242	1.43232	4.5	1.9
01.01.2010 00:56:26.228 GMT+0300	1.43246	1.43233	1.5	2.3
01.01.2010 00:56:28.416 GMT+0300	1.4325	1.43238	1.5	3.2
01.01.2010 00:56:28.988 GMT+0300	1.43256	1.43247	1.7	2.7
01.01.2010 00:56:30.594 GMT+0300	1.43266	1.43252	4	1.5
01.01.2010 00:56:35.777 GMT+0300	1.43267	1.43259	6.2	1.2
01.01.2010 00:56:39.012 GMT+0300	1.43268	1.43256	3.2	1.5
01.01.2010 00:56:41.051 GMT+0300	1.43262	1.43254	2.5	1.9
01.01.2010 00:56:41.163 GMT+0300	1.4326	1.43248	4.7	1.5
01.01.2010 00:56:43.473 GMT+0300	1.43257	1.43245	1.5	1.7
01.01.2010 00:56:45.722 GMT+0300	1.43254	1.43242	1.5	2.3
01.01.2010 00:56:47.721 GMT+0300	1.43249	1.43236	1.2	2.3
01.01.2010 00:56:48.284 GMT+0300	1.43241	1.43229	1.5	1.7
01.01.2010 00:56:51.824 GMT+0300	1.43231	1.43218	1.7	3.8
01.01.2010 00:56:54.743 GMT+0300	1.4322	1.43209	1.4	2.1
01.01.2010 00:56:56.832 GMT+0300	1.43213	1.43201	3.2	1.5
01.01.2010 00:57:05.647 GMT+0300	1.43215	1.43203	2.5	1.5
01.01.2010 00:57:07.644 GMT+0300	1.43212	1.43204	3.6	1.5
01.01.2010 00:57:09.827 GMT+0300	1.43212	1.43201	1.2	3
01.01.2010 00:57:18.617 GMT+0300	1.43211	1.43199	4.2	1.5
01.01.2010 00:57:20.806 GMT+0300	1.43207	1.43194	2.3	1.9
01.01.2010 00:57:22.901 GMT+0300	1.432	1.43192	1.5	2.7
01.01.2010 00:57:23.017 GMT+0300	1.43192	1.43186	1.5	45.4
01.01.2010 00:57:23.425 GMT+0300	1.43196	1.4318	2.3	3.8
01.01.2010 00:57:24.578 GMT+0300	1.43199	1.43187	1.9	4.9
01.01.2010 00:57:27.325 GMT+0300	1.43206	1.43194	1.5	1.1
01.01.2010 00:57:28.980 GMT+0300	1.43211	1.43204	1.5	2.3
01.01.2010 00:57:31.075 GMT+0300	1.4322	1.43208	1.4	2.3
01.01.2010 00:57:31.188 GMT+0300	1.43221	1.43215	1.1	2.1
01.01.2010 00:57:31.655 GMT+0300	1.43229	1.43216	3.4	1.9
01.01.2010 00:57:31.771 GMT+0300	1.43232	1.43224	1.5	1.7
01.01.2010 00:57:31.885 GMT+0300	1.43235	1.43231	1.5	1.5
01.01.2010 00:57:33.167 GMT+0300	1.43242	1.43234	3	2.7
01.01.2010 00:57:35.224 GMT+0300	1.43247	1.43237	1.7	1.5
01.01.2010 00:57:37.287 GMT+0300	1.43246	1.43239	1.7	1.2
01.01.2010 00:57:39.348 GMT+0300	1.43242	1.4323	1.5	4.7
01.01.2010 00:57:41.477 GMT+0300	1.43233	1.43221	3.6	3.8
01.01.2010 00:57:43.868 GMT+0300	1.43227	1.43214	1.5	1.5
01.01.2010 00:57:46.191 GMT+0300	1.43221	1.4321	1.5	6.4
01.01.2010 00:57:48.488 GMT+0300	1.43218	1.43207	1.1	1.3
01.01.2010 00:57:53.223 GMT+0300	1.43218	1.43209	1.5	1.3
01.01.2010 00:57:57.089 GMT+0300	1.43222	1.43209	1.5	6.4
01.01.2010 00:57:59.438 GMT+0300	1.43224	1.43212	6.4	1.7
01.01.2010 00:58:01.427 GMT+0300	1.43211	1.43197	1.9	2.5
01.01.2010 00:58:11.778 GMT+0300	1.43215	1.43202	2.3	1.7
01.01.2010 00:58:15.231 GMT+0300	1.43219	1.43207	4	2.3
01.01.2010 00:58:18.995 GMT+0300	1.43224	1.43212	2.5	1.9
01.01.2010 00:58:23.514 GMT+0300	1.43232	1.43219	2.9	1.9
01.01.2010 00:58:23.627 GMT+0300	1.43236	1.43224	1.5	2.9
01.01.2010 00:58:24.178 GMT+0300	1.43241	1.43228	1.5	1.4
01.01.2010 00:58:27.899 GMT+0300	1.43246	1.43232	1.5	2.3
01.01.2010 00:58:31.759 GMT+0300	1.4325	1.43236	10	1.4
01.01.2010 00:58:35.309 GMT+0300	1.43259	1.43245	1.9	2.7
01.01.2010 00:58:37.334 GMT+0300	1.43266	1.43254	7.9	3.6
01.01.2010 00:58:39.368 GMT+0300	1.43274	1.4326	1.5	4.2
01.01.2010 00:58:41.576 GMT+0300	1.43272	1.43264	9.8	1.7
01.01.2010 00:58:43.358 GMT+0300	1.43262	1.4325	2.3	5.3
01.01.2010 00:58:45.877 GMT+0300	1.43244	1.43238	1.5	2.7
01.01.2010 00:58:48.188 GMT+0300	1.43234	1.43222	1.9	2.3
01.01.2010 00:58:50.637 GMT+0300	1.4322	1.4321	2.7	1.5
01.01.2010 00:58:54.988 GMT+0300	1.43207	1.43196	2.5	2.3
01.01.2010 00:58:57.296 GMT+0300	1.43195	1.43188	5.1	5.3
01.01.2010 00:58:57.628 GMT+0300	1.43194	1.4318	3.4	2.8
01.01.2010 00:59:04.383 GMT+0300	1.43197	1.43187	1.7	3.8
01.01.2010 00:59:06.570 GMT+0300	1.43199	1.43187	4.2	1.7
01.01.2010 00:59:08.588 GMT+0300	1.43197	1.43191	1.5	3.4
01.01.2010 00:59:08.734 GMT+0300	1.43202	1.43188	1.5	1.2
01.01.2010 00:59:09.063 GMT+0300	1.43201	1.43193	1.4	2.1
01.01.2010 00:59:11.155 GMT+0300	1.43208	1.43197	1.4	11.2
01.01.2010 00:59:13.205 GMT+0300	1.43214	1.43201	1.2	2.5
01.01.2010 00:59:13.355 GMT+0300	1.43223	1.43209	1.5	1.7
01.01.2010 00:59:15.533 GMT+0300	1.43233	1.4322	4.5	1.2
01.01.2010 00:59:17.853 GMT+0300	1.43242	1.43229	1.5	1.4
01.01.2010 00:59:20.081 GMT+0300	1.43244	1.43234	1.5	8.9
01.01.2010 00:59:21.169 GMT+0300	1.43237	1.43224	1.5	2.3
01.01.2010 00:59:21.850 GMT+0300	1.43228	1.43216	1.7	1.5
01.01.2010 00:59:21.970 GMT+0300	1.43215	1.43208	6	1.5
01.01.2010 00:59:23.960 GMT+0300	1.43213	1.43197	1.5	3.8
01.01.2010 00:59:26.103 GMT+0300	1.43204	1.43191	1.9	2.3
01.01.2010 00:59:26.435 GMT+0300	1.43198	1.43185	1.5	1.5
01.01.2010 00:59:27.029 GMT+0300	1.43192	1.43182	1.7	2.7
01.01.2010 00:59:27.398 GMT+0300	1.43186	1.43178	3.4	1.5
01.01.2010 00:59:27.512 GMT+0300	1.43181	1.43173	1.2	1.2
01.01.2010 00:59:29.852 GMT+0300	1.43174	1.43164	1.1	3.8
01.01.2010 00:59:34.003 GMT+0300	1.43167	1.43155	1.9	2.7
01.01.2010 00:59:36.235 GMT+0300	1.43156	1.43144	1.5	1.5
01.01.2010 00:59:38.384 GMT+0300	1.43148	1.43136	1.4	13.5
01.01.2010 00:59:40.743 GMT+0300	1.43145	1.43139	1.5	1.5
01.01.2010 00:59:40.964 GMT+0300	1.43156	1.43148	5.1	1.5
01.01.2010 00:59:42.914 GMT+0300	1.43169	1.43159	5.7	1.5
01.01.2010 00:59:44.950 GMT+0300	1.43181	1.43171	1.5	3.4
01.01.2010 00:59:46.993 GMT+0300	1.4319	1.43183	1.7	1.5
01.01.2010 00:59:47.323 GMT+0300	1.43201	1.43191	3.8	1.7
01.01.2010 00:59:50.401 GMT+0300	1.43209	1.43199	1.9	1.2
01.01.2010 00:59:57.593 GMT+0300	1.43215	1.43205	1.5	1.5
01.01.2010 00:59:57.813 GMT+0300	1.4322	1.43209	7.6	1.5
01.01.2010 00:59:57.930 GMT+0300	1.43222	1.43212	1.5	1.5
01.01.2010 01:00:02.315 GMT+0300	1.43224	1.43216	4.2	4.2
01.01.2010 01:00:21.820 GMT+0300	1.43228	1.43218	1.5	2.3
01.01.2010 01:00:27.827 GMT+0300	1.43232	1.43222	23.5	2.5
01.01.2010 01:00:28.380 GMT+0300	1.43235	1.43229	1.5	1.4
01.01.2010 01:00:28.671 GMT+0300	1.43238	1.4323	3.8	6.6
01.01.2010 01:00:35.686 GMT+0300	1.43237	1.43225	2.9	1.5
01.01.2010 01:00:40.228 GMT+0300	1.4323	1.43218	1.7	1.5
01.01.2010 01:00:41.569 GMT+0300	1.4322	1.4321	1.7	1.5
01.01.2010 01:00:44.141 GMT+0300	1.43212	1.43205	1.5	4.2
01.01.2010 01:00:48.205 GMT+0300	1.43209	1.43201	1.5	1.4
01.01.2010 01:01:00.574 GMT+0300	1.43197	1.43185	2.1	1.7
01.01.2010 01:01:01.788 GMT+0300	1.43198	1.43186	2.5	1.5
01.01.2010 01:01:02.163 GMT+0300	1.43199	1.43191	1.7	1.5
01.01.2010 01:01:07.537 GMT+0300	1.43199	1.43192	1.5	5.1
01.01.2010 01:01:09.288 GMT+0300	1.43198	1.4319	1.5	1.9
01.01.2010 01:01:11.756 GMT+0300	1.43195	1.43186	1.9	1.5
01.01.2010 01:01:30.189 GMT+0300	1.43195	1.43183	1.7	7.3
01.01.2010 01:01:30.444 GMT+0300	1.4319	1.43178	4.2	1.5
01.01.2010 01:01:32.473 GMT+0300	1.43186	1.4318	1.5	1.7
01.01.2010 01:02:08.044 GMT+0300	1.43226	1.43218	1.5	1.9
01.01.2010 01:02:26.264 GMT+0300	1.43231	1.43221	3	3
01.01.2010 01:02:29.585 GMT+0300	1.43235	1.43221	1.5	1.9
01.01.2010 01:02:30.038 GMT+0300	1.43239	1.43219	1.5	1.5
01.01.2010 01:02:33.533 GMT+0300	1.43237	1.43223	1.5	3.4
01.01.2010 01:02:42.125 GMT+0300	1.43237	1.43227	1.5	1.5
01.01.2010 01:02:49.822 GMT+0300	1.43243	1.43228	1.5	1.1
01.01.2010 01:02:56.075 GMT+0300	1.43243	1.43233	1.7	1.5
01.01.2010 01:03:13.083 GMT+0300	1.4324	1.43234	3.2	1.5
01.01.2010 01:03:19.166 GMT+0300	1.43237	1.43227	1.5	2.1
01.01.2010 01:03:23.519 GMT+0300	1.43232	1.4322	5.1	3
01.01.2010 01:03:24.473 GMT+0300	1.43234	1.43218	17.1	1.7
01.01.2010 01:03:31.666 GMT+0300	1.43232	1.43224	2.7	1.5
01.01.2010 01:03:38.999 GMT+0300	1.43234	1.43228	1.2	2.3
01.01.2010 01:03:40.819 GMT+0300	1.43239	1.43229	2.5	3.4
01.01.2010 01:03:43.480 GMT+0300	1.43245	1.43229	3.8	1.7
01.01.2010 01:03:45.300 GMT+0300	1.43243	1.43233	1.5	3.4
01.01.2010 01:04:00.978 GMT+0300	1.43251	1.43239	1.5	5.1
01.01.2010 01:04:07.470 GMT+0300	1.43253	1.43246	1.5	3.8
01.01.2010 01:04:10.532 GMT+0300	1.43262	1.43252	2.5	2.3
01.01.2010 01:04:12.908 GMT+0300	1.43268	1.4326	1.5	4.9
01.01.2010 01:04:17.605 GMT+0300	1.4327	1.43266	2.6	1.4
01.01.2010 01:04:42.564 GMT+0300	1.43279	1.43266	4.4	5.9
01.01.2010 01:04:42.823 GMT+0300	1.43283	1.43273	3.4	6.6
01.01.2010 01:04:49.595 GMT+0300	1.43285	1.43279	1.5	1.5
01.01.2010 01:04:58.403 GMT+0300	1.4329	1.43282	3	1.7
01.01.2010 01:05:05.632 GMT+0300	1.43293	1.43281	3.4	2.8
01.01.2010 01:05:09.501 GMT+0300	1.43286	1.4328	4.7	1.3
01.01.2010 01:05:10.210 GMT+0300	1.43285	1.43269	2.5	1.2
01.01.2010 01:05:14.912 GMT+0300	1.43278	1.43271	1.5	1.5
01.01.2010 01:05:24.365 GMT+0300	1.43278	1.4327	2.9	3
01.01.2010 01:05:48.569 GMT+0300	1.43277	1.43273	1.5	2.3
01.01.2010 01:05:56.887 GMT+0300	1.4328	1.43272	1.5	1.7
01.01.2010 01:05:57.353 GMT+0300	1.43282	1.43274	1.5	1.5
01.01.2010 01:05:59.022 GMT+0300	1.43285	1.43273	8.5	1.5
01.01.2010 01:06:02.813 GMT+0300	1.43279	1.43267	1.5	1.7
01.01.2010 01:06:03.156 GMT+0300	1.4327	1.43258	1.5	2.7
01.01.2010 01:06:04.997 GMT+0300	1.43259	1.4325	4.5	14.3
01.01.2010 01:06:07.250 GMT+0300	1.43256	1.43249	4.5	21.6
01.01.2010 01:06:12.135 GMT+0300	1.43265	1.43253	1.5	1.7
01.01.2010 01:06:25.516 GMT+0300	1.43274	1.43262	4.2	1.7
01.01.2010 01:06:36.307 GMT+0300	1.43282	1.4327	1.5	5.1
01.01.2010 01:06:51.793 GMT+0300	1.43289	1.43279	1.5	2.3
01.01.2010 01:06:52.322 GMT+0300	1.43298	1.43284	1.5	2.5
01.01.2010 01:06:58.577 GMT+0300	1.43302	1.4329	2.5	1.5
01.01.2010 01:07:03.845 GMT+0300	1.43298	1.43286	3.2	1.5
01.01.2010 01:07:05.435 GMT+0300	1.43298	1.43289	1.9	1.7
01.01.2010 01:07:10.390 GMT+0300	1.43301	1.43289	1.2	1.5
01.01.2010 01:07:31.639 GMT+0300	1.433	1.43293	8.7	1.4
01.01.2010 01:07:34.287 GMT+0300	1.43303	1.43293	1.5	2.5
01.01.2010 01:07:34.931 GMT+0300	1.433	1.43294	5.7	3.4
01.01.2010 01:07:40.106 GMT+0300	1.43301	1.43291	4.5	6
01.01.2010 01:07:44.348 GMT+0300	1.43298	1.43288	3.2	1.8
01.01.2010 01:07:51.047 GMT+0300	1.43299	1.43285	3.8	19.5
01.01.2010 01:08:08.993 GMT+0300	1.43296	1.43288	3.8	1.5
01.01.2010 01:08:13.513 GMT+0300	1.433	1.4329	3.8	6.6
01.01.2010 01:08:19.280 GMT+0300	1.43296	1.43292	3.6	1.5
01.01.2010 01:08:19.384 GMT+0300	1.43291	1.43287	4	2.7
01.01.2010 01:08:23.350 GMT+0300	1.4329	1.4328	1.2	2.3
01.01.2010 01:08:25.286 GMT+0300	1.43289	1.43281	1.5	6.2
01.01.2010 01:08:27.885 GMT+0300	1.43289	1.43283	3.6	1.5
01.01.2010 01:08:41.713 GMT+0300	1.43291	1.43285	1.7	1.5
01.01.2010 01:08:48.402 GMT+0300	1.43295	1.43283	1.5	1.4
01.01.2010 01:09:02.407 GMT+0300	1.43288	1.4328	1.5	1.5
01.01.2010 01:09:03.843 GMT+0300	1.43293	1.43285	1.7	1.5
01.01.2010 01:09:07.385 GMT+0300	1.433	1.43287	1.5	2.5
01.01.2010 01:09:08.853 GMT+0300	1.433	1.43292	2.5	4.5
01.01.2010 01:09:09.839 GMT+0300	1.43298	1.4329	1.1	1.5
01.01.2010 01:09:25.101 GMT+0300	1.43298	1.43286	1.2	3
01.01.2010 01:09:39.123 GMT+0300	1.43294	1.43286	1.5	1.5
01.01.2010 01:09:40.032 GMT+0300	1.43293	1.43283	2.3	1.9
01.01.2010 01:09:51.660 GMT+0300	1.43291	1.43278	1.7	2.3
01.01.2010 01:09:55.749 GMT+0300	1.43284	1.4328	2.7	3
01.01.2010 01:10:01.596 GMT+0300	1.43286	1.43274	1.5	3.8
01.01.2010 01:10:05.626 GMT+0300	1.43276	1.43263	5.1	1.5
01.01.2010 01:10:10.422 GMT+0300	1.43275	1.43265	1.5	1.3
01.01.2010 01:10:13.772 GMT+0300	1.43289	1.43281	1.5	1.5
01.01.2010 01:10:13.888 GMT+0300	1.433	1.43292	1.5	4.2
01.01.2010 01:10:14.220 GMT+0300	1.43298	1.43288	1.7	17.1
01.01.2010 01:10:23.315 GMT+0300	1.43291	1.43281	1.5	1.5
01.01.2010 01:10:38.589 GMT+0300	1.43285	1.43272	1.9	3
01.01.2010 01:10:52.823 GMT+0300	1.43283	1.43267	2.5	1.5
01.01.2010 01:11:06.629 GMT+0300	1.4327	1.43263	1.2	1.9
01.01.2010 01:11:14.103 GMT+0300	1.43266	1.43256	1.5	1.7
01.01.2010 01:11:21.179 GMT+0300	1.43261	1.43253	3.2	1.7
01.01.2010 01:11:22.895 GMT+0300	1.43258	1.43248	4.7	2.3
01.01.2010 01:11:24.108 GMT+0300	1.43259	1.43249	2.5	1.5
01.01.2010 01:11:28.371 GMT+0300	1.43263	1.43251	2.5	2.3
01.01.2010 01:11:32.772 GMT+0300	1.43263	1.43254	2.9	2.7
01.01.2010 01:11:38.563 GMT+0300	1.43265	1.43255	1.5	3.8
01.01.2010 01:11:43.899 GMT+0300	1.43265	1.43256	1.5	1.4
01.01.2010 01:11:47.460 GMT+0300	1.43266	1.43254	1.5	5.1
01.01.2010 01:12:12.735 GMT+0300	1.43293	1.43283	1.5	1.7
01.01.2010 01:12:19.464 GMT+0300	1.43288	1.43284	1.5	2.3
01.01.2010 01:12:29.772 GMT+0300	1.43289	1.43283	2.3	3.2
01.01.2010 01:12:30.514 GMT+0300	1.43295	1.43287	1.9	2.7
01.01.2010 01:12:36.094 GMT+0300	1.43297	1.43293	2.3	1.9
01.01.2010 01:12:52.566 GMT+0300	1.43297	1.43289	4	2.7
01.01.2010 01:12:56.224 GMT+0300	1.43299	1.43285	1.5	5.1
01.01.2010 01:12:57.689 GMT+0300	1.43302	1.43282	1.7	3.2
01.01.2010 01:13:14.973 GMT+0300	1.43294	1.43288	2.9	3
01.01.2010 01:13:22.271 GMT+0300	1.433	1.43286	3.8	2.7
01.01.2010 01:13:28.296 GMT+0300	1.43301	1.43289	1.5	1.3
01.01.2010 01:13:30.191 GMT+0300	1.433	1.4329	1.7	2.1
01.01.2010 01:13:35.011 GMT+0300	1.43299	1.43285	1.5	1.9
01.01.2010 01:13:37.919 GMT+0300	1.43293	1.43285	1.7	1.2
01.01.2010 01:13:39.767 GMT+0300	1.43293	1.43283	4.5	3
01.01.2010 01:13:44.445 GMT+0300	1.4329	1.43282	4.5	1.5
01.01.2010 01:13:57.277 GMT+0300	1.43289	1.43279	1.2	3.9
01.01.2010 01:13:59.398 GMT+0300	1.43287	1.43277	1.5	2.5
01.01.2010 01:14:03.040 GMT+0300	1.43296	1.43288	1.9	1.5
01.01.2010 01:14:07.489 GMT+0300	1.43302	1.43289	1.5	2.1
01.01.2010 01:14:16.600 GMT+0300	1.43311	1.43285	1.5	3.4
01.01.2010 01:14:17.400 GMT+0300	1.43303	1.43296	4.4	1.5
01.01.2010 01:14:28.755 GMT+0300	1.43305	1.43299	3.8	1.9
01.01.2010 01:14:30.655 GMT+0300	1.4331	1.433	4.4	1.7
01.01.2010 01:14:33.444 GMT+0300	1.43313	1.43303	3	1.7
01.01.2010 01:15:01.761 GMT+0300	1.43311	1.43305	2.5	1.9
01.01.2010 01:15:02.159 GMT+0300	1.43308	1.43301	3.2	1.5
01.01.2010 01:15:08.101 GMT+0300	1.43303	1.43296	6.6	1.5
01.01.2010 01:15:12.163 GMT+0300	1.43299	1.43291	1.5	3.2
01.01.2010 01:15:16.142 GMT+0300	1.433	1.43286	3.2	2.5
01.01.2010 01:15:20.614 GMT+0300	1.43297	1.43291	1.4	1.5
01.01.2010 01:15:22.176 GMT+0300	1.433	1.43293	1.5	5.1
01.01.2010 01:15:31.235 GMT+0300	1.43302	1.43297	4.2	1.7
01.01.2010 01:15:31.523 GMT+0300	1.43307	1.43295	1.5	3.6
01.01.2010 01:15:38.668 GMT+0300	1.43312	1.43298	1.5	1.5
01.01.2010 01:15:45.248 GMT+0300	1.43313	1.43303	3.2	1.5
01.01.2010 01:16:10.280 GMT+0300	1.43271	1.43263	4.2	1.5
01.01.2010 01:16:14.833 GMT+0300	1.43266	1.43259	1.5	1.9
01.01.2010 01:16:23.486 GMT+0300	1.43263	1.43253	1.9	1.2
01.01.2010 01:16:23.836 GMT+0300	1.43261	1.43248	1.2	1.5
01.01.2010 01:16:26.222 GMT+0300	1.4326	1.43254	3.8	6.6
01.01.2010 01:16:30.269 GMT+0300	1.43263	1.43255	1.5	2.1
01.01.2010 01:16:39.983 GMT+0300	1.43263	1.43256	5.1	2.3
01.01.2010 01:16:40.629 GMT+0300	1.43267	1.43255	2.3	2.3
01.01.2010 01:16:45.911 GMT+0300	1.43267	1.43254	2.9	3.8
01.01.2010 01:16:52.499 GMT+0300	1.43266	1.43254	4.4	3
01.01.2010 01:17:02.439 GMT+0300	1.43265	1.43255	1.7	3.8
01.01.2010 01:17:09.854 GMT+0300	1.43265	1.43257	2.7	3.2
01.01.2010 01:17:21.202 GMT+0300	1.43262	1.43255	1.5	6.6
01.01.2010 01:17:43.790 GMT+0300	1.43259	1.4325	5.1	1.5
01.01.2010 01:17:46.044 GMT+0300	1.43258	1.4325	3	2.1
01.01.2010 01:17:49.384 GMT+0300	1.4326	1.4325	3	1.5
01.01.2010 01:17:54.010 GMT+0300	1.43262	1.43258	1.4	3
01.01.2010 01:17:56.951 GMT+0300	1.43269	1.43258	2.4	1.5
01.01.2010 01:17:57.960 GMT+0300	1.43274	1.4326	1.9	1.9
01.01.2010 01:18:07.717 GMT+0300	1.43292	1.43282	3.2	2.3
01.01.2010 01:18:14.495 GMT+0300	1.43286	1.43278	1.9	2.7
01.01.2010 01:18:33.770 GMT+0300	1.4328	1.43274	4.5	1.5
01.01.2010 01:18:36.165 GMT+0300	1.43278	1.4327	1.5	4.5
01.01.2010 01:18:41.434 GMT+0300	1.43277	1.43271	3	2.5
01.01.2010 01:18:43.450 GMT+0300	1.4328	1.43272	3.1	3
01.01.2010 01:18:51.487 GMT+0300	1.43283	1.43273	5.9	1.5
01.01.2010 01:18:55.731 GMT+0300	1.43284	1.43272	1.9	2.3
01.01.2010 01:18:58.551 GMT+0300	1.43284	1.43274	1.5	1.7
01.01.2010 01:19:01.543 GMT+0300	1.43284	1.43274	1.9	1.7
01.01.2010 01:19:07.983 GMT+0300	1.43281	1.43273	1.9	2.3
01.01.2010 01:19:09.285 GMT+0300	1.4328	1.4327	4.2	1.5
01.01.2010 01:19:32.865 GMT+0300	1.43279	1.43269	2.3	1.5
01.01.2010 01:19:34.130 GMT+0300	1.43279	1.43271	1.9	1.5
01.01.2010 01:19:35.162 GMT+0300	1.43283	1.43275	1.5	1.7
01.01.2010 01:19:37.600 GMT+0300	1.43284	1.43276	1.5	1.5
01.01.2010 01:19:41.552 GMT+0300	1.43288	1.43276	1.5	1.7
01.01.2010 01:19:46.141 GMT+0300	1.43297	1.43275	4.8	1.7
01.01.2010 01:19:48.004 GMT+0300	1.43291	1.43283	2.5	1.5
01.01.2010 01:20:08.495 GMT+0300	1.43297	1.43287	3.8	7
01.01.2010 01:20:13.474 GMT+0300	1.43296	1.43292	6.4	1.4
01.01.2010 01:20:33.912 GMT+0300	1.43299	1.43289	23.5	2.5
01.01.2010 01:20:40.598 GMT+0300	1.43309	1.43269	2.5	3
01.01.2010 01:20:47.139 GMT+0300	1.43292	1.4328	14.1	2.5
01.01.2010 01:20:51.478 GMT+0300	1.43292	1.43284	1.5	1.5
01.01.2010 01:20:53.097 GMT+0300	1.43291	1.43285	1.2	1.7
01.01.2010 01:21:02.144 GMT+0300	1.43295	1.43281	5.1	2.3
01.01.2010 01:21:07.665 GMT+0300	1.43289	1.43285	1.2	2.3
01.01.2010 01:21:11.321 GMT+0300	1.4329	1.4328	2.3	1.2
01.01.2010 01:21:17.911 GMT+0300	1.43289	1.43278	1.7	1.5
01.01.2010 01:21:23.961 GMT+0300	1.43284	1.43278	1.9	1.5
01.01.2010 01:21:26.498 GMT+0300	1.43285	1.43275	1.5	1.7
01.01.2010 01:21:40.616 GMT+0300	1.43285	1.43273	5.1	1.5
01.01.2010 01:21:43.324 GMT+0300	1.43278	1.43271	7.5	1.2
01.01.2010 01:21:47.041 GMT+0300	1.43278	1.43266	1.5	5.3
01.01.2010 01:22:07.418 GMT+0300	1.43242	1.43234	1.7	7.3
01.01.2010 01:22:15.089 GMT+0300	1.43241	1.43231	1.2	6.5
01.01.2010 01:22:17.833 GMT+0300	1.43243	1.43233	1.5	5.1
01.01.2010 01:22:19.415 GMT+0300	1.4325	1.43242	10.2	1.7
01.01.2010 01:22:28.502 GMT+0300	1.43258	1.43246	1.5	3.8
01.01.2010 01:22:29.760 GMT+0300	1.43257	1.43247	2.3	1.7
01.01.2010 01:22:46.724 GMT+0300	1.43256	1.43248	1.5	2.3
01.01.2010 01:22:48.437 GMT+0300	1.43257	1.43245	1.9	1.5
01.01.2010 01:23:04.093 GMT+0300	1.43256	1.43244	1.5	1.5
01.01.2010 01:23:07.989 GMT+0300	1.43252	1.43245	5.1	3.4
01.01.2010 01:23:18.023 GMT+0300	1.4325	1.43242	1.5	4.5
01.01.2010 01:23:20.058 GMT+0300	1.43249	1.4324	3.2	1.5
01.01.2010 01:23:29.406 GMT+0300	1.43248	1.43242	6	1.7
01.01.2010 01:23:30.197 GMT+0300	1.43252	1.43242	5.7	1.5
01.01.2010 01:23:47.106 GMT+0300	1.43255	1.43245	2.5	1.5
01.01.2010 01:23:48.521 GMT+0300	1.43255	1.43249	2.5	1.5
01.01.2010 01:23:49.774 GMT+0300	1.43259	1.43251	3.8	6.6
01.01.2010 01:23:57.310 GMT+0300	1.43264	1.43252	1.2	3
01.01.2010 01:24:12.903 GMT+0300	1.43273	1.43261	9.8	1.7
01.01.2010 01:24:15.072 GMT+0300	1.43279	1.43275	3	2.5
01.01.2010 01:24:15.218 GMT+0300	1.43293	1.43279	3.6	3
01.01.2010 01:24:30.906 GMT+0300	1.43297	1.43285	1.5	5.9
01.01.2010 01:24:31.901 GMT+0300	1.43295	1.43285	1.7	1.5
01.01.2010 01:24:41.328 GMT+0300	1.43289	1.43279	1.5	1.7
01.01.2010 01:24:48.276 GMT+0300	1.43283	1.43275	1.5	3
01.01.2010 01:24:49.232 GMT+0300	1.43281	1.4327	1.5	6.4
01.01.2010 01:24:51.460 GMT+0300	1.43277	1.43269	1.5	1.7
01.01.2010 01:25:10.793 GMT+0300	1.43264	1.43256	3	1.5
01.01.2010 01:25:11.408 GMT+0300	1.43253	1.43244	1.5	1.7
01.01.2010 01:25:29.217 GMT+0300	1.4325	1.43244	1.5	2.3
01.01.2010 01:25:30.803 GMT+0300	1.43265	1.43255	1.9	1.5
01.01.2010 01:25:32.291 GMT+0300	1.43271	1.43265	3	1.7
01.01.2010 01:25:35.644 GMT+0300	1.43271	1.43259	2.5	3.4
01.01.2010 01:25:42.700 GMT+0300	1.43265	1.43255	3.6	1.5
01.01.2010 01:25:51.385 GMT+0300	1.43256	1.43248	1.2	4.1
01.01.2010 01:25:53.402 GMT+0300	1.43252	1.4324	5.1	2.3
01.01.2010 01:25:55.946 GMT+0300	1.43246	1.4324	2.7	6.4
01.01.2010 01:26:01.092 GMT+0300	1.43286	1.43278	1.5	2.3
01.01.2010 01:26:04.348 GMT+0300	1.43287	1.43282	2.5	1.5
01.01.2010 01:26:04.860 GMT+0300	1.43288	1.4328	3.8	4
01.01.2010 01:26:09.013 GMT+0300	1.43281	1.43275	1.9	2.5
01.01.2010 01:26:14.248 GMT+0300	1.43279	1.43273	1.5	1.5
01.01.2010 01:26:22.461 GMT+0300	1.43282	1.4327	1.5	1.7
01.01.2010 01:26:27.001 GMT+0300	1.4328	1.43274	4.2	1.7
01.01.2010 01:26:31.069 GMT+0300	1.43283	1.43274	1.7	1.9
01.01.2010 01:26:50.124 GMT+0300	1.43281	1.43277	1.5	2.7
01.01.2010 01:27:14.538 GMT+0300	1.43289	1.43279	3	1.7
01.01.2010 01:27:15.489 GMT+0300	1.43291	1.43286	1.7	1.5
01.01.2010 01:27:20.284 GMT+0300	1.43298	1.43288	3	1.3
01.01.2010 01:27:20.987 GMT+0300	1.43299	1.43291	2.4	2.5
01.01.2010 01:27:25.139 GMT+0300	1.43298	1.43288	2.3	1.2
01.01.2010 01:27:25.818 GMT+0300	1.43296	1.43288	2.3	1.2
01.01.2010 01:27:29.000 GMT+0300	1.43294	1.43284	2.5	1.5
01.01.2010 01:27:30.752 GMT+0300	1.43289	1.43282	1.9	2.7
01.01.2010 01:27:46.089 GMT+0300	1.43288	1.43278	11.5	1.7
01.01.2010 01:28:00.677 GMT+0300	1.43295	1.43285	1.5	2.3
01.01.2010 01:28:22.912 GMT+0300	1.43296	1.43285	1.5	1.7
01.01.2010 01:28:32.522 GMT+0300	1.43294	1.43284	8.7	1.2
01.01.2010 01:28:35.358 GMT+0300	1.43291	1.43279	2.5	1.5
01.01.2010 01:28:38.285 GMT+0300	1.43289	1.43279	1.5	20
01.01.2010 01:28:38.623 GMT+0300	1.4329	1.43282	1.7	1.6
01.01.2010 01:28:40.354 GMT+0300	1.43294	1.43284	1.2	6.5
01.01.2010 01:28:41.932 GMT+0300	1.433	1.43288	1.5	2.3
01.01.2010 01:28:41.988 GMT+0300	1.433	1.43293	1.5	3.8
01.01.2010 01:28:46.025 GMT+0300	1.43303	1.43293	1.5	2.3
01.01.2010 01:29:01.679 GMT+0300	1.43306	1.43298	1.2	3.9
01.01.2010 01:29:13.216 GMT+0300	1.43308	1.43302	1.5	5.7
01.01.2010 01:29:16.576 GMT+0300	1.43308	1.43298	1.5	3.4
01.01.2010 01:29:17.651 GMT+0300	1.43302	1.43295	1.5	1.5
01.01.2010 01:29:20.169 GMT+0300	1.43301	1.43291	2.9	1.5
01.01.2010 01:29:21.287 GMT+0300	1.43303	1.43293	3	1.2
01.01.2010 01:29:31.206 GMT+0300	1.43303	1.43295	2.3	3.4
01.01.2010 01:29:33.225 GMT+0300	1.43307	1.43293	4.7	1.5
01.01.2010 01:29:33.889 GMT+0300	1.43301	1.43299	1.5	4.2
01.01.2010 01:29:45.916 GMT+0300	1.43306	1.43293	1.9	2.7
01.01.2010 01:29:48.131 GMT+0300	1.43305	1.43295	1.5	1.2
01.01.2010 01:30:07.155 GMT+0300	1.43296	1.43288	1.5	1.2
01.01.2010 01:30:07.349 GMT+0300	1.43296	1.43292	1.7	3
01.01.2010 01:30:14.562 GMT+0300	1.43292	1.43282	1.5	2.6
01.01.2010 01:30:16.367 GMT+0300	1.43275	1.43271	4.7	1.5
01.01.2010 01:30:22.448 GMT+0300	1.43263	1.43257	2.5	3.8
01.01.2010 01:30:26.245 GMT+0300	1.43262	1.43254	1.1	1.9
01.01.2010 01:30:27.142 GMT+0300	1.43263	1.43254	2.3	6.6
01.01.2010 01:30:51.536 GMT+0300	1.43264	1.43254	1.7	1.5
01.01.2010 01:31:08.925 GMT+0300	1.43261	1.43253	1.5	2.7
01.01.2010 01:31:09.079 GMT+0300	1.43258	1.43246	8.5	1.5
01.01.2010 01:31:11.541 GMT+0300	1.43251	1.43241	3.8	7
01.01.2010 01:31:39.714 GMT+0300	1.43249	1.43237	1.5	3.2
01.01.2010 01:31:44.148 GMT+0300	1.43247	1.43239	3.8	1.7
01.01.2010 01:31:44.427 GMT+0300	1.43252	1.43236	9.5	3.4
01.01.2010 01:31:45.765 GMT+0300	1.43249	1.43242	4.2	1.7
01.01.2010 01:31:46.297 GMT+0300	1.4325	1.43244	1.7	1.2
01.01.2010 01:31:51.708 GMT+0300	1.43252	1.43244	1.5	4.2
01.01.2010 01:31:52.303 GMT+0300	1.43255	1.43243	3.4	3.4
01.01.2010 01:32:04.699 GMT+0300	1.43295	1.43289	1.5	2.3
01.01.2010 01:32:13.419 GMT+0300	1.43302	1.4329	1.5	1.5
01.01.2010 01:32:16.271 GMT+0300	1.43299	1.43291	1.5	1.5
01.01.2010 01:32:21.909 GMT+0300	1.43299	1.43289	2.5	5.3
01.01.2010 01:32:37.830 GMT+0300	1.43296	1.43284	3.4	1.5
01.01.2010 01:32:40.390 GMT+0300	1.4329	1.4328	4	2.1
01.01.2010 01:32:53.656 GMT+0300	1.43285	1.43279	1.5	2.9
01.01.2010 01:33:06.907 GMT+0300	1.43288	1.43272	2.7	1.5
01.01.2010 01:33:08.414 GMT+0300	1.43285	1.43277	2.5	1.5
01.01.2010 01:33:17.932 GMT+0300	1.43288	1.43278	1.5	1.9
01.01.2010 01:33:32.867 GMT+0300	1.43289	1.4328	1.5	3.8
01.01.2010 01:33:35.078 GMT+0300	1.43291	1.43283	1.9	2.7
01.01.2010 01:33:39.836 GMT+0300	1.43293	1.43283	3.8	4
01.01.2010 01:33:40.017 GMT+0300	1.43293	1.43285	1.7	1.5
01.01.2010 01:33:42.262 GMT+0300	1.43297	1.43285	2.9	3.8
01.01.2010 01:33:43.534 GMT+0300	1.43301	1.43291	1.7	3.2
01.01.2010 01:33:58.825 GMT+0300	1.43301	1.43293	1.6	1.5
01.01.2010 01:34:04.900 GMT+0300	1.43306	1.4329	3.6	1.5
01.01.2010 01:34:05.011 GMT+0300	1.43301	1.43289	4.2	1.5
01.01.2010 01:34:09.643 GMT+0300	1.43295	1.43287	4.7	1.2
01.01.2010 01:34:11.253 GMT+0300	1.4329	1.43282	1.5	6.4
01.01.2010 01:34:17.295 GMT+0300	1.43288	1.43284	1.5	1.5
01.01.2010 01:34:41.642 GMT+0300	1.43294	1.43282	3.2	2.5
01.01.2010 01:34:48.607 GMT+0300	1.43293	1.43284	3.2	2.5
01.01.2010 01:34:53.350 GMT+0300	1.43296	1.43284	2.5	2.3
01.01.2010 01:35:05.361 GMT+0300	1.43292	1.43284	2.3	2.8
01.01.2010 01:35:24.198 GMT+0300	1.43288	1.43282	1.5	1.7
01.01.2010 01:35:33.857 GMT+0300	1.43287	1.43281	1.5	1.5
01.01.2010 01:35:39.507 GMT+0300	1.43291	1.43281	1.5	1.4
01.01.2010 01:35:39.781 GMT+0300	1.43292	1.43288	1.5	3.2
01.01.2010 01:35:48.211 GMT+0300	1.43299	1.43291	4.5	1.5
01.01.2010 01:35:58.698 GMT+0300	1.43307	1.43289	2.3	1.7
01.01.2010 01:36:02.329 GMT+0300	1.43303	1.43291	1.5	3.4
01.01.2010 01:36:19.660 GMT+0300	1.43297	1.43289	1.5	1.5
01.01.2010 01:36:25.980 GMT+0300	1.4329	1.43282	1.2	2.1
01.01.2010 01:36:28.604 GMT+0300	1.43285	1.43273	2.5	2.8
01.01.2010 01:36:32.067 GMT+0300	1.4328	1.43272	2.3	1.9
01.01.2010 01:36:36.336 GMT+0300	1.43281	1.43273	1.7	1.5
01.01.2010 01:36:48.142 GMT+0300	1.43283	1.43277	3.8	1.5
01.01.2010 01:36:54.452 GMT+0300	1.43288	1.43282	4.2	1.7
01.01.2010 01:36:57.068 GMT+0300	1.43292	1.43282	1.5	1.5
01.01.2010 01:37:07.912 GMT+0300	1.43287	1.43273	2.7	3.8
01.01.2010 01:37:11.114 GMT+0300	1.43285	1.43277	3	1.5
01.01.2010 01:37:13.964 GMT+0300	1.43288	1.43278	4.2	1.7
01.01.2010 01:37:17.359 GMT+0300	1.43287	1.43282	1.5	3.2
01.01.2010 01:37:18.953 GMT+0300	1.43289	1.43279	1.2	1.7
01.01.2010 01:37:19.787 GMT+0300	1.43293	1.4328	2.3	4.3
01.01.2010 01:37:22.826 GMT+0300	1.4329	1.43282	3.4	1.5
01.01.2010 01:37:27.873 GMT+0300	1.43289	1.4328	1.5	5.1
01.01.2010 01:37:42.693 GMT+0300	1.43285	1.43277	4.7	1.5
01.01.2010 01:37:51.015 GMT+0300	1.43285	1.43275	1.5	2.5
01.01.2010 01:37:58.171 GMT+0300	1.43285	1.43275	1.5	3.6
01.01.2010 01:38:16.110 GMT+0300	1.43295	1.43285	2.9	1.5
01.01.2010 01:38:17.985 GMT+0300	1.43296	1.43289	5.3	3.4
01.01.2010 01:38:22.705 GMT+0300	1.43299	1.43289	2.3	3.4
01.01.2010 01:38:25.360 GMT+0300	1.43299	1.43292	1.5	1.5
01.01.2010 01:38:37.247 GMT+0300	1.43301	1.43289	1.2	1.7
01.01.2010 01:38:39.399 GMT+0300	1.43296	1.43282	1.5	1.7
01.01.2010 01:38:47.714 GMT+0300	1.43289	1.43281	2.3	2.1
01.01.2010 01:38:58.648 GMT+0300	1.43288	1.43278	3.2	1.5
01.01.2010 01:39:07.020 GMT+0300	1.43286	1.43278	4	2.7
01.01.2010 01:39:13.936 GMT+0300	1.43291	1.43279	1.5	2.3
01.01.2010 01:39:17.363 GMT+0300	1.43293	1.43283	2.5	4.7
01.01.2010 01:39:30.549 GMT+0300	1.43293	1.43283	2.5	2.1
01.01.2010 01:39:40.022 GMT+0300	1.43296	1.43286	2.9	3.8
01.01.2010 01:39:40.156 GMT+0300	1.43296	1.43288	1.7	2.3
01.01.2010 01:39:42.186 GMT+0300	1.43301	1.43291	5.7	1.5
01.01.2010 01:39:52.023 GMT+0300	1.43302	1.43295	3.8	1.9
01.01.2010 01:40:07.353 GMT+0300	1.43278	1.43272	3.8	2.3
01.01.2010 01:40:13.093 GMT+0300	1.43264	1.43252	8.3	1.5
01.01.2010 01:40:22.489 GMT+0300	1.43261	1.43251	1.5	1.4
01.01.2010 01:40:28.825 GMT+0300	1.43275	1.43271	1.5	2.7
01.01.2010 01:40:33.202 GMT+0300	1.43287	1.43274	11.7	1.5
01.01.2010 01:40:44.215 GMT+0300	1.43275	1.43265	3.4	1.5
01.01.2010 01:40:52.008 GMT+0300	1.43265	1.4325	2.3	5.9
01.01.2010 01:40:57.303 GMT+0300	1.43255	1.43245	2.9	1.5
01.01.2010 01:41:12.301 GMT+0300	1.43251	1.43233	1.7	1.3
01.01.2010 01:41:15.880 GMT+0300	1.43248	1.43241	2.6	1.4
01.01.2010 01:41:22.211 GMT+0300	1.43246	1.43238	1.5	2.7
01.01.2010 01:41:29.981 GMT+0300	1.43237	1.43229	2.5	4.5
01.01.2010 01:41:30.422 GMT+0300	1.43234	1.43224	2.9	1.5
01.01.2010 01:41:45.468 GMT+0300	1.43237	1.43228	1.7	1.5
01.01.2010 01:41:56.884 GMT+0300	1.43241	1.43229	4.7	3.8
01.01.2010 01:42:11.914 GMT+0300	1.43277	1.43269	4.4	3
01.01.2010 01:42:14.863 GMT+0300	1.43271	1.43261	1.5	3.8
01.01.2010 01:42:22.032 GMT+0300	1.4326	1.4325	3.4	2.3
01.01.2010 01:42:22.365 GMT+0300	1.43248	1.43241	2.3	4.5
01.01.2010 01:42:25.832 GMT+0300	1.43243	1.43235	4.2	4
01.01.2010 01:42:37.362 GMT+0300	1.43245	1.43239	1.8	1.4
01.01.2010 01:42:41.436 GMT+0300	1.43252	1.43242	1.7	1.5
01.01.2010 01:42:50.835 GMT+0300	1.43259	1.43245	1.9	1.7
01.01.2010 01:42:55.256 GMT+0300	1.43258	1.43252	1.5	3.4
01.01.2010 01:42:57.186 GMT+0300	1.43261	1.43254	1.5	1.7
01.01.2010 01:43:10.008 GMT+0300	1.43271	1.43259	1.4	2.3
01.01.2010 01:43:11.736 GMT+0300	1.43276	1.43266	1.2	1.5
01.01.2010 01:43:20.471 GMT+0300	1.43277	1.43269	1.7	1.2
01.01.2010 01:43:33.565 GMT+0300	1.43274	1.43267	3.8	2.5
01.01.2010 01:43:35.578 GMT+0300	1.43272	1.43262	3.8	6.6
01.01.2010 01:43:53.915 GMT+0300	1.43269	1.43257	1.5	2.3
01.01.2010 01:43:54.365 GMT+0300	1.43267	1.43257	1.4	2.3
01.01.2010 01:44:03.248 GMT+0300	1.43299	1.43291	1.7	2.3
01.01.2010 01:44:26.693 GMT+0300	1.43302	1.43298	3.4	1.5
01.01.2010 01:44:26.902 GMT+0300	1.43304	1.43296	1.5	1.5
01.01.2010 01:44:28.296 GMT+0300	1.43294	1.43289	1.5	1.5
01.01.2010 01:44:28.908 GMT+0300	1.43292	1.43282	1.5	4.2
01.01.2010 01:44:29.548 GMT+0300	1.43293	1.43283	2.5	2.3
01.01.2010 01:44:31.740 GMT+0300	1.43293	1.43285	5.3	1.7
01.01.2010 01:44:37.240 GMT+0300	1.43293	1.43285	4.4	3.4
01.01.2010 01:44:48.563 GMT+0300	1.43295	1.43286	3.6	1.7
01.01.2010 01:44:56.191 GMT+0300	1.43294	1.43286	12.8	1.4
01.01.2010 01:45:07.614 GMT+0300	1.43295	1.43289	1.7	1.5
01.01.2010 01:45:16.928 GMT+0300	1.43301	1.43293	1.5	1.5
01.01.2010 01:45:24.158 GMT+0300	1.43307	1.43295	1.5	1.4
01.01.2010 01:45:27.648 GMT+0300	1.43311	1.43299	1.2	3.9
01.01.2010 01:45:33.629 GMT+0300	1.43311	1.43299	1.5	1.9
01.01.2010 01:45:46.679 GMT+0300	1.43308	1.43298	2.7	1.5
01.01.2010 01:45:47.543 GMT+0300	1.43307	1.43297	1.5	3.6
01.01.2010 01:45:55.872 GMT+0300	1.43305	1.43297	3	1.3
01.01.2010 01:46:01.850 GMT+0300	1.43298	1.43286	2.3	1.5
01.01.2010 01:46:02.667 GMT+0300	1.43301	1.4329	2.3	2.8
01.01.2010 01:46:22.983 GMT+0300	1.433	1.43288	15	3.4
01.01.2010 01:46:23.369 GMT+0300	1.43291	1.43286	1.5	1.4
01.01.2010 01:46:40.122 GMT+0300	1.4329	1.43284	5.7	1.7
01.01.2010 01:46:42.493 GMT+0300	1.43294	1.43284	2.5	2.4
01.01.2010 01:46:43.170 GMT+0300	1.43295	1.43291	1.5	1.8
01.01.2010 01:46:51.417 GMT+0300	1.433	1.43288	4	1.5
01.01.2010 01:46:52.294 GMT+0300	1.43296	1.43289	1.5	1.5
01.01.2010 01:46:52.446 GMT+0300	1.43294	1.43287	5.9	1.5
01.01.2010 01:47:00.303 GMT+0300	1.43296	1.43288	1.9	2.3
01.01.2010 01:47:15.162 GMT+0300	1.43297	1.43292	1.5	1.5
01.01.2010 01:47:18.631 GMT+0300	1.43298	1.43286	1.5	3.4
01.01.2010 01:47:24.488 GMT+0300	1.43286	1.4328	1.5	4
01.01.2010 01:47:29.076 GMT+0300	1.43283	1.43273	3.6	2.7
01.01.2010 01:47:33.149 GMT+0300	1.43283	1.43275	2.7	6.4
01.01.2010 01:47:47.380 GMT+0300	1.43288	1.43274	2.3	1.5
01.01.2010 01:47:53.557 GMT+0300	1.43288	1.43275	3	1.9
01.01.2010 01:47:55.463 GMT+0300	1.43285	1.43275	1.5	1.5
01.01.2010 01:48:05.846 GMT+0300	1.43287	1.43279	4.7	2.7
01.01.2010 01:48:06.785 GMT+0300	1.43292	1.43283	4.7	3.6
01.01.2010 01:48:09.809 GMT+0300	1.43294	1.43287	1.5	1.5
01.01.2010 01:48:16.755 GMT+0300	1.43295	1.43286	1.5	2.3
01.01.2010 01:48:32.174 GMT+0300	1.43297	1.43287	1.5	1.9
01.01.2010 01:48:34.958 GMT+0300	1.43301	1.43288	2.1	1.5
01.01.2010 01:48:45.515 GMT+0300	1.43303	1.43291	1.5	5.3
01.01.2010 01:48:48.168 GMT+0300	1.43307	1.43299	1.5	1.5
01.01.2010 01:48:54.620 GMT+0300	1.43311	1.43301	1.7	1.5
01.01.2010 01:49:12.111 GMT+0300	1.43312	1.43304	2.3	2.8
01.01.2010 01:49:12.984 GMT+0300	1.43308	1.43302	1.7	3.3
01.01.2010 01:49:22.361 GMT+0300	1.43308	1.43298	1.5	2.3
01.01.2010 01:49:42.283 GMT+0300	1.43307	1.43299	2.5	3
01.01.2010 01:49:42.702 GMT+0300	1.43308	1.43296	2.5	1.5
01.01.2010 01:49:43.975 GMT+0300	1.43304	1.43298	4.2	6.8
01.01.2010 01:49:49.537 GMT+0300	1.43305	1.43298	1.5	1.7
01.01.2010 01:49:54.279 GMT+0300	1.43304	1.43294	1.5	3.4
01.01.2010 01:49:57.014 GMT+0300	1.433	1.4329	1.5	1.7
01.01.2010 01:49:57.938 GMT+0300	1.43298	1.43288	1.9	5.5
01.01.2010 01:50:08.819 GMT+0300	1.43298	1.43288	4.4	1.9
01.01.2010 01:50:11.482 GMT+0300	1.43303	1.43291	2.3	1.9
01.01.2010 01:50:12.532 GMT+0300	1.43308	1.43298	2.5	1.5
01.01.2010 01:50:17.795 GMT+0300	1.43312	1.43299	5.9	1.5
01.01.2010 01:50:38.199 GMT+0300	1.4331	1.43296	9.5	3.4
01.01.2010 01:50:43.694 GMT+0300	1.43306	1.43298	1.5	2.3
01.01.2010 01:50:47.173 GMT+0300	1.43308	1.43296	1.5	4.7
01.01.2010 01:50:59.221 GMT+0300	1.43306	1.43296	2.5	3.8
01.01.2010 01:51:17.100 GMT+0300	1.43304	1.43294	1.5	3.2
01.01.2010 01:51:23.096 GMT+0300	1.43301	1.43293	3.2	16.8
01.01.2010 01:51:26.227 GMT+0300	1.433	1.4329	1.2	5.4
01.01.2010 01:51:28.907 GMT+0300	1.43299	1.43287	2.5	2.3
01.01.2010 01:51:33.605 GMT+0300	1.43299	1.43289	1.7	3.2
01.01.2010 01:51:35.951 GMT+0300	1.43301	1.43291	1.5	1.7
01.01.2010 01:51:39.139 GMT+0300	1.43305	1.43295	3.8	1.5
01.01.2010 01:51:46.527 GMT+0300	1.43311	1.43298	3.3	1.5
01.01.2010 01:51:55.078 GMT+0300	1.43312	1.43302	1.5	1.7
01.01.2010 01:52:08.896 GMT+0300	1.43315	1.43299	1.7	1.7
01.01.2010 01:52:14.749 GMT+0300	1.43307	1.43298	1.7	1.5
01.01.2010 01:52:17.531 GMT+0300	1.43304	1.43292	1.5	1.5
01.01.2010 01:52:28.344 GMT+0300	1.43298	1.4329	2.5	1.5
01.01.2010 01:52:37.529 GMT+0300	1.43294	1.43286	1.5	2.5
01.01.2010 01:52:41.904 GMT+0300	1.43287	1.43283	4	3.8
01.01.2010 01:52:49.692 GMT+0300	1.43286	1.43279	2.1	1.5
01.01.2010 01:52:53.915 GMT+0300	1.43285	1.43279	1.5	4.5
01.01.2010 01:53:03.654 GMT+0300	1.43286	1.43276	1.2	4.1
01.01.2010 01:53:08.063 GMT+0300	1.43287	1.43279	2.1	2.3
01.01.2010 01:53:11.284 GMT+0300	1.4329	1.4328	1.5	1.6
01.01.2010 01:53:21.836 GMT+0300	1.4329	1.4328	2.5	2.8
01.01.2010 01:53:24.693 GMT+0300	1.43288	1.43276	3.4	2.7
01.01.2010 01:53:27.594 GMT+0300	1.43282	1.43276	3.2	3.4
01.01.2010 01:53:32.157 GMT+0300	1.43281	1.43273	2.3	1.5
01.01.2010 01:53:33.475 GMT+0300	1.43278	1.43274	1.5	2.7
01.01.2010 01:53:42.540 GMT+0300	1.43281	1.43267	1.5	5.7
01.01.2010 01:53:51.119 GMT+0300	1.43277	1.43267	3.4	2.1
01.01.2010 01:54:05.091 GMT+0300	1.433	1.4329	8.7	1.4
01.01.2010 01:54:05.416 GMT+0300	1.43305	1.43297	1.7	1.5
01.01.2010 01:54:14.575 GMT+0300	1.43305	1.43295	1.5	1.8
01.01.2010 01:54:18.600 GMT+0300	1.43297	1.43287	3.4	2.3
01.01.2010 01:54:24.858 GMT+0300	1.43294	1.43282	1.5	1.5
01.01.2010 01:54:26.195 GMT+0300	1.43294	1.43282	1.5	1.5
01.01.2010 01:54:26.422 GMT+0300	1.43294	1.43286	1.9	5.9
01.01.2010 01:54:30.700 GMT+0300	1.43299	1.43289	4	2.3
01.01.2010 01:54:42.002 GMT+0300	1.43302	1.43293	4.7	1.3
01.01.2010 01:54:45.454 GMT+0300	1.43304	1.43294	1.5	1.7
01.01.2010 01:55:06.758 GMT+0300	1.43304	1.43296	1.5	1.8
01.01.2010 01:55:08.857 GMT+0300	1.43304	1.43293	4.5	3
01.01.2010 01:55:12.640 GMT+0300	1.433	1.4329	1.5	2.5
01.01.2010 01:55:27.624 GMT+0300	1.43297	1.43293	1.5	1.5
01.01.2010 01:55:30.845 GMT+0300	1.43304	1.4329	1.9	2.1
01.01.2010 01:55:33.739 GMT+0300	1.43309	1.43293	3.8	2.5
01.01.2010 01:55:40.681 GMT+0300	1.43311	1.43299	3	1.5
01.01.2010 01:55:43.841 GMT+0300	1.43313	1.43301	5.3	1.7
01.01.2010 01:56:05.975 GMT+0300	1.43292	1.43282	3.4	1.2
01.01.2010 01:56:10.487 GMT+0300	1.43285	1.4328	3.6	1.5
01.01.2010 01:56:16.448 GMT+0300	1.43284	1.43276	3.8	1.7
01.01.2010 01:56:18.306 GMT+0300	1.43282	1.43275	9.5	3.4
01.01.2010 01:56:34.094 GMT+0300	1.43285	1.43269	1.5	1.5
01.01.2010 01:56:36.818 GMT+0300	1.43282	1.43272	2.9	3
01.01.2010 01:56:39.146 GMT+0300	1.43282	1.43275	1.9	1.5
01.01.2010 01:56:39.418 GMT+0300	1.43282	1.43274	8.5	1.9
01.01.2010 01:56:52.965 GMT+0300	1.43279	1.43275	1.9	3.2
01.01.2010 01:56:55.077 GMT+0300	1.43281	1.43269	1.5	1.4
01.01.2010 01:56:57.278 GMT+0300	1.43275	1.43269	3.2	1.7
01.01.2010 01:57:02.561 GMT+0300	1.43286	1.43278	12.6	1.7
01.01.2010 01:57:04.623 GMT+0300	1.43288	1.43282	5.3	1.9
01.01.2010 01:57:08.052 GMT+0300	1.43291	1.43277	3.2	1.5
01.01.2010 01:57:09.162 GMT+0300	1.43285	1.43273	1.5	2.3
01.01.2010 01:57:11.959 GMT+0300	1.43281	1.43271	2.3	3.6
01.01.2010 01:57:22.069 GMT+0300	1.43282	1.43274	1.7	1.3
01.01.2010 01:57:31.680 GMT+0300	1.43293	1.43272	7.4	7.9
01.01.2010 01:57:33.327 GMT+0300	1.43288	1.43278	3	1.5
01.01.2010 01:57:42.394 GMT+0300	1.43285	1.43278	4.7	1.2
01.01.2010 01:57:45.022 GMT+0300	1.43286	1.43276	1.5	1.5
01.01.2010 01:58:12.563 GMT+0300	1.43292	1.43284	1.9	2.3
01.01.2010 01:58:14.973 GMT+0300	1.43289	1.4328	2.7	1.5
01.01.2010 01:58:16.854 GMT+0300	1.43291	1.43281	1.5	1.4
01.01.2010 01:58:24.064 GMT+0300	1.43295	1.43288	5.7	1.7
01.01.2010 01:58:24.651 GMT+0300	1.43298	1.4329	2.1	1.5
01.01.2010 01:58:29.021 GMT+0300	1.43298	1.4329	1.2	2.1
01.01.2010 01:58:35.629 GMT+0300	1.43298	1.43286	2.6	1.4
01.01.2010 01:58:39.034 GMT+0300	1.43295	1.43289	2.5	1.5
01.01.2010 01:58:49.967 GMT+0300	1.43293	1.43289	1.5	1.7
01.01.2010 01:59:10.344 GMT+0300	1.43306	1.4329	1.5	1.7
01.01.2010 01:59:14.373 GMT+0300	1.43295	1.4329	3	1.7
01.01.2010 01:59:14.987 GMT+0300	1.43292	1.43284	3.8	3.8
01.01.2010 01:59:25.882 GMT+0300	1.43291	1.43283	2.5	3.4
01.01.2010 01:59:28.506 GMT+0300	1.43295	1.43285	2.3	1.9
01.01.2010 01:59:32.916 GMT+0300	1.43297	1.43289	3.1	4.4
01.01.2010 01:59:34.864 GMT+0300	1.43299	1.43288	1.2	4.1
01.01.2010 01:59:39.628 GMT+0300	1.43299	1.43287	4.5	3
01.01.2010 01:59:45.599 GMT+0300	1.43298	1.43285	1.5	3.8
01.01.2010 01:59:46.427 GMT+0300	1.43294	1.43286	1.5	3.4
01.01.2010 02:00:02.345 GMT+0300	1.43294	1.4329	2.3	1.2
