Local time	Ask	Bid	AskVolume	BidVolume
01.01.2010 00:00:00.551 GMT+0300	0.88595	0.88575	1	1
01.01.2010 00:00:00.781 GMT+0300	0.88595	0.8857	4	4
01.01.2010 00:00:01.002 GMT+0300	0.88595	0.8857	4	1
01.01.2010 00:00:01.821 GMT+0300	0.886	0.8857	4.4	4
01.01.2010 00:00:02.851 GMT+0300	0.88595	0.8857	4	1
01.01.2010 00:00:03.541 GMT+0300	0.88595	0.8857	4.1	1
01.01.2010 00:00:03.771 GMT+0300	0.88595	0.8857	4	1
01.01.2010 00:00:12.651 GMT+0300	0.88595	0.8857	1	4
01.01.2010 00:00:35.223 GMT+0300	0.886	0.88575	1.2	4
01.01.2010 00:00:35.793 GMT+0300	0.886	0.88575	1	4
01.01.2010 00:00:47.140 GMT+0300	0.88595	0.88575	1	1
01.01.2010 00:00:49.280 GMT+0300	0.88595	0.8857	1	4.4
01.01.2010 00:00:49.569 GMT+0300	0.88595	0.8857	1	4
01.01.2010 00:01:02.496 GMT+0300	0.8859	0.88565	1	4.4
01.01.2010 00:01:02.616 GMT+0300	0.8859	0.88565	1	4
01.01.2010 00:01:03.306 GMT+0300	0.8859	0.8857	1	1
01.01.2010 00:01:03.656 GMT+0300	0.88595	0.88575	1.2	1
01.01.2010 00:01:04.006 GMT+0300	0.88595	0.88575	1	1
01.01.2010 00:01:04.356 GMT+0300	0.88595	0.8857	1	4.4
01.01.2010 00:01:04.656 GMT+0300	0.88595	0.8857	1	4
01.01.2010 00:01:07.065 GMT+0300	0.886	0.88575	1.2	4
01.01.2010 00:01:07.125 GMT+0300	0.886	0.88575	1	4
01.01.2010 00:01:07.175 GMT+0300	0.886	0.88575	1	5.6
01.01.2010 00:01:19.102 GMT+0300	0.886	0.88575	1	5.6
01.01.2010 00:01:19.223 GMT+0300	0.886	0.88575	1	5.6
01.01.2010 00:01:26.311 GMT+0300	0.88595	0.88575	1	1.6
01.01.2010 00:01:26.591 GMT+0300	0.88595	0.8857	1	6.4
01.01.2010 00:01:27.350 GMT+0300	0.88595	0.8857	1	6.5
01.01.2010 00:01:30.750 GMT+0300	0.88595	0.8858	1	1
01.01.2010 00:01:34.309 GMT+0300	0.886	0.8858	1.2	1
01.01.2010 00:01:34.549 GMT+0300	0.886	0.8858	1	1
01.01.2010 00:02:27.581 GMT+0300	0.88596	0.88576	4.1	6.6
01.01.2010 00:02:37.370 GMT+0300	0.88593	0.88573	3.8	5.4
01.01.2010 00:02:37.480 GMT+0300	0.8859	0.8857	6.6	1
01.01.2010 00:02:37.600 GMT+0300	0.88589	0.88569	3.8	1
01.01.2010 00:02:37.660 GMT+0300	0.8859	0.8857	4.1	6.6
01.01.2010 00:02:37.950 GMT+0300	0.88592	0.88572	2.6	1.6
01.01.2010 00:02:38.580 GMT+0300	0.88592	0.88572	2.6	1.7
01.01.2010 00:02:38.860 GMT+0300	0.88589	0.88569	3.8	5.4
01.01.2010 00:02:39.250 GMT+0300	0.8859	0.88565	4.2	5.4
01.01.2010 00:02:39.429 GMT+0300	0.88585	0.8856	1	1.6
01.01.2010 00:02:39.600 GMT+0300	0.88578	0.88558	3.8	1
01.01.2010 00:02:39.769 GMT+0300	0.88577	0.88557	1	1
01.01.2010 00:02:39.940 GMT+0300	0.88576	0.88561	6.6	1
01.01.2010 00:02:40.109 GMT+0300	0.88579	0.88564	1	2.8
01.01.2010 00:02:42.499 GMT+0300	0.88586	0.88566	1	3.2
01.01.2010 00:02:42.679 GMT+0300	0.88588	0.88568	2.6	2.4
01.01.2010 00:02:42.849 GMT+0300	0.88592	0.88567	2.6	1.7
01.01.2010 00:02:43.019 GMT+0300	0.8859	0.8857	1	2.8
01.01.2010 00:02:43.189 GMT+0300	0.88589	0.88574	2.6	2.5
01.01.2010 00:02:48.798 GMT+0300	0.88593	0.88573	4.1	4.4
01.01.2010 00:02:49.018 GMT+0300	0.88592	0.88572	2.6	1.6
01.01.2010 00:02:49.187 GMT+0300	0.88591	0.88571	1	2.8
01.01.2010 00:02:52.047 GMT+0300	0.8859	0.8857	1	5.4
01.01.2010 00:02:54.456 GMT+0300	0.88594	0.88569	1	1
01.01.2010 00:02:54.696 GMT+0300	0.88593	0.88567	1	1
01.01.2010 00:03:00.919 GMT+0300	0.88605	0.8858	1	4.8
01.01.2010 00:03:01.389 GMT+0300	0.8861	0.8859	1.2	1
01.01.2010 00:03:01.568 GMT+0300	0.8861	0.8859	1	2.4
01.01.2010 00:03:10.996 GMT+0300	0.88615	0.8859	4.4	2.4
01.01.2010 00:03:11.236 GMT+0300	0.88615	0.88595	1	2.8
01.01.2010 00:03:13.346 GMT+0300	0.88615	0.88595	1	2.4
01.01.2010 00:03:13.695 GMT+0300	0.8861	0.88595	1	1.6
01.01.2010 00:03:14.036 GMT+0300	0.88605	0.8859	1	1.6
01.01.2010 00:03:14.315 GMT+0300	0.8861	0.8859	1	2.4
01.01.2010 00:03:15.675 GMT+0300	0.88615	0.88595	1	4.8
01.01.2010 00:03:15.835 GMT+0300	0.88625	0.886	1.2	5.6
01.01.2010 00:03:16.365 GMT+0300	0.88625	0.886	1	5.6
01.01.2010 00:03:16.535 GMT+0300	0.88625	0.886	1	5.4
01.01.2010 00:03:17.275 GMT+0300	0.88625	0.886	1	5.5
01.01.2010 00:03:19.244 GMT+0300	0.88625	0.88605	1	1
01.01.2010 00:03:19.544 GMT+0300	0.88625	0.88605	1	1
01.01.2010 00:03:27.262 GMT+0300	0.88625	0.886	1	4
01.01.2010 00:03:27.432 GMT+0300	0.88615	0.88595	1	3.6
01.01.2010 00:03:27.552 GMT+0300	0.88615	0.88595	1	2.4
01.01.2010 00:03:28.112 GMT+0300	0.88615	0.88595	1	2.4
01.01.2010 00:03:28.332 GMT+0300	0.88615	0.88595	1	2.4
01.01.2010 00:03:36.290 GMT+0300	0.88615	0.88595	1	2.5
01.01.2010 00:03:36.590 GMT+0300	0.88615	0.88595	1	2.4
01.01.2010 00:03:37.110 GMT+0300	0.8862	0.88595	1	1.6
01.01.2010 00:03:37.880 GMT+0300	0.8868	0.88605	7.2	1
01.01.2010 00:03:38.469 GMT+0300	0.8868	0.88605	5.6	1
01.01.2010 00:03:43.968 GMT+0300	0.8866	0.88605	1	1
01.01.2010 00:03:44.588 GMT+0300	0.88665	0.88615	1.6	4
01.01.2010 00:03:44.818 GMT+0300	0.8867	0.88615	1.6	4
01.01.2010 00:03:45.358 GMT+0300	0.88675	0.8862	1.6	2
01.01.2010 00:03:50.017 GMT+0300	0.88675	0.8862	1.6	4
01.01.2010 00:03:50.317 GMT+0300	0.8866	0.88615	2	6
01.01.2010 00:03:50.496 GMT+0300	0.8865	0.8861	5.2	2
01.01.2010 00:03:50.667 GMT+0300	0.8865	0.88605	5.2	3.6
01.01.2010 00:03:50.846 GMT+0300	0.8865	0.88605	5.2	2
01.01.2010 00:03:55.356 GMT+0300	0.8865	0.8861	5.2	2
01.01.2010 00:03:55.526 GMT+0300	0.8866	0.88615	1.6	6
01.01.2010 00:03:55.825 GMT+0300	0.8867	0.88615	6.8	4.8
01.01.2010 00:03:56.505 GMT+0300	0.8867	0.8862	6.8	2
01.01.2010 00:03:56.745 GMT+0300	0.8867	0.8862	5.2	2
01.01.2010 00:03:57.245 GMT+0300	0.88675	0.8862	5.2	2
01.01.2010 00:03:57.415 GMT+0300	0.88675	0.8862	6.8	2
01.01.2010 00:03:57.765 GMT+0300	0.88675	0.8862	5.2	2
01.01.2010 00:03:58.335 GMT+0300	0.88675	0.8862	6.8	2
01.01.2010 00:03:59.554 GMT+0300	0.88675	0.8862	6.8	4.8
01.01.2010 00:03:59.904 GMT+0300	0.8868	0.8862	6.8	10
01.01.2010 00:04:00.594 GMT+0300	0.88675	0.8862	1.6	10
01.01.2010 00:04:08.763 GMT+0300	0.8868	0.88625	1.6	9.2
01.01.2010 00:04:08.992 GMT+0300	0.8868	0.8862	1	14
01.01.2010 00:04:09.162 GMT+0300	0.88685	0.88625	7.6	9.2
01.01.2010 00:04:10.142 GMT+0300	0.88685	0.88625	7.6	10
01.01.2010 00:04:12.321 GMT+0300	0.88675	0.88625	5.2	4
01.01.2010 00:04:12.491 GMT+0300	0.88675	0.8862	5.2	4.8
01.01.2010 00:04:12.711 GMT+0300	0.8868	0.8862	6.8	10
01.01.2010 00:04:12.881 GMT+0300	0.8868	0.8862	7.6	10
01.01.2010 00:04:13.621 GMT+0300	0.8868	0.8862	6	10
01.01.2010 00:04:13.911 GMT+0300	0.8868	0.8862	7.6	10
01.01.2010 00:04:14.271 GMT+0300	0.8868	0.8862	9.6	8
01.01.2010 00:04:14.571 GMT+0300	0.88675	0.8862	5.2	1
01.01.2010 00:04:14.861 GMT+0300	0.88675	0.8862	6	1
01.01.2010 00:04:15.161 GMT+0300	0.88675	0.88615	6	10
01.01.2010 00:04:15.461 GMT+0300	0.8867	0.88615	1	10
01.01.2010 00:04:16.190 GMT+0300	0.88675	0.88615	7.6	10
01.01.2010 00:04:16.900 GMT+0300	0.88675	0.88615	6	10
01.01.2010 00:04:17.470 GMT+0300	0.88675	0.88615	6	11.6
01.01.2010 00:04:19.150 GMT+0300	0.88675	0.8862	1	10
01.01.2010 00:04:19.490 GMT+0300	0.8868	0.8862	6	11.6
01.01.2010 00:04:20.879 GMT+0300	0.88675	0.8862	1	6
01.01.2010 00:04:24.978 GMT+0300	0.8868	0.8862	6	10
01.01.2010 00:04:25.258 GMT+0300	0.88685	0.8862	10	11.6
01.01.2010 00:04:25.488 GMT+0300	0.88675	0.88625	5.2	1
01.01.2010 00:04:25.778 GMT+0300	0.8868	0.88625	1	6
01.01.2010 00:04:26.708 GMT+0300	0.88685	0.88625	10	6
01.01.2010 00:04:27.118 GMT+0300	0.88675	0.8862	5.2	1.6
01.01.2010 00:04:27.358 GMT+0300	0.8868	0.8862	10	7.6
01.01.2010 00:04:31.047 GMT+0300	0.88675	0.8862	1	7.6
01.01.2010 00:04:31.277 GMT+0300	0.88675	0.8862	1	6
01.01.2010 00:04:31.737 GMT+0300	0.8867	0.88615	4	6
01.01.2010 00:04:32.027 GMT+0300	0.88665	0.8861	6	1.6
01.01.2010 00:04:32.556 GMT+0300	0.88665	0.88605	6	11.6
01.01.2010 00:04:33.206 GMT+0300	0.88665	0.88605	6	10
01.01.2010 00:04:33.856 GMT+0300	0.88665	0.88605	6	11.6
01.01.2010 00:04:35.736 GMT+0300	0.8866	0.88605	1	10.8
01.01.2010 00:04:35.906 GMT+0300	0.8866	0.88605	4.8	6.8
01.01.2010 00:04:36.086 GMT+0300	0.8866	0.88605	4.8	5.2
01.01.2010 00:04:41.194 GMT+0300	0.88655	0.88605	1	5.2
01.01.2010 00:04:46.173 GMT+0300	0.88655	0.88605	1	6
01.01.2010 00:04:46.463 GMT+0300	0.8866	0.88605	4.8	6
01.01.2010 00:04:52.412 GMT+0300	0.88645	0.88615	4	4
01.01.2010 00:04:57.631 GMT+0300	0.88645	0.8861	1	1
01.01.2010 00:04:57.990 GMT+0300	0.8866	0.88605	4.8	6
01.01.2010 00:04:58.790 GMT+0300	0.88655	0.88605	1	6
01.01.2010 00:05:00.690 GMT+0300	0.8866	0.88605	10	1
01.01.2010 00:05:01.100 GMT+0300	0.8866	0.88605	10	1.6
01.01.2010 00:05:02.969 GMT+0300	0.8866	0.8861	10	1
01.01.2010 00:05:03.199 GMT+0300	0.8866	0.88615	10	1
01.01.2010 00:05:06.078 GMT+0300	0.88645	0.8862	1	4
01.01.2010 00:05:11.927 GMT+0300	0.8865	0.88615	1	1.2
01.01.2010 00:05:12.307 GMT+0300	0.88675	0.88615	6	1
01.01.2010 00:05:12.487 GMT+0300	0.8867	0.88615	5.2	1.6
01.01.2010 00:05:12.837 GMT+0300	0.8867	0.88615	5.2	3.6
01.01.2010 00:05:14.087 GMT+0300	0.88665	0.88615	5.2	1
01.01.2010 00:05:14.426 GMT+0300	0.8865	0.8862	1	4
01.01.2010 00:05:20.225 GMT+0300	0.88645	0.88625	1	1
01.01.2010 00:05:21.265 GMT+0300	0.8867	0.8861	4	6
01.01.2010 00:05:21.835 GMT+0300	0.8867	0.8861	9.2	1
01.01.2010 00:05:22.134 GMT+0300	0.8867	0.88605	10	6
01.01.2010 00:05:22.424 GMT+0300	0.88665	0.88605	9.2	6
01.01.2010 00:05:23.944 GMT+0300	0.8865	0.8862	1	4
01.01.2010 00:05:24.634 GMT+0300	0.88665	0.8862	1.6	1
01.01.2010 00:05:24.914 GMT+0300	0.8868	0.8862	3.6	1
01.01.2010 00:05:25.204 GMT+0300	0.8868	0.8863	4	1.6
01.01.2010 00:05:26.254 GMT+0300	0.88665	0.8864	1	1
01.01.2010 00:05:28.443 GMT+0300	0.88645	0.88625	1	1
01.01.2010 00:05:28.613 GMT+0300	0.88645	0.8862	1	6
01.01.2010 00:05:30.752 GMT+0300	0.88645	0.8862	1	6
01.01.2010 00:05:31.862 GMT+0300	0.88645	0.8862	1	6
01.01.2010 00:05:32.142 GMT+0300	0.8864	0.8862	1.2	2
01.01.2010 00:05:32.952 GMT+0300	0.8864	0.8862	1	2
01.01.2010 00:05:50.288 GMT+0300	0.8864	0.88615	1	6
01.01.2010 00:05:50.578 GMT+0300	0.88635	0.8862	1	1.6
01.01.2010 00:05:50.848 GMT+0300	0.88635	0.88615	1	1
01.01.2010 00:05:54.397 GMT+0300	0.8864	0.88615	1	4
01.01.2010 00:06:00.665 GMT+0300	0.8864	0.88615	1	5.6
01.01.2010 00:06:01.905 GMT+0300	0.8864	0.88615	1	4
01.01.2010 00:06:02.715 GMT+0300	0.8864	0.88615	1	5.6
01.01.2010 00:06:04.675 GMT+0300	0.8864	0.8862	1	2.4
01.01.2010 00:06:05.025 GMT+0300	0.88645	0.88625	1	1
01.01.2010 00:06:08.773 GMT+0300	0.88645	0.88625	1	1
01.01.2010 00:06:10.833 GMT+0300	0.8864	0.88615	4	6
01.01.2010 00:06:11.103 GMT+0300	0.8864	0.8862	1	2.4
01.01.2010 00:06:11.923 GMT+0300	0.88645	0.8862	1	6
01.01.2010 00:06:12.263 GMT+0300	0.88645	0.88625	1	1
01.01.2010 00:06:20.721 GMT+0300	0.8865	0.88625	4	1
01.01.2010 00:06:22.070 GMT+0300	0.88645	0.88625	1	1
01.01.2010 00:06:22.300 GMT+0300	0.8865	0.88625	4	1
01.01.2010 00:06:29.348 GMT+0300	0.88655	0.8863	4.4	1
01.01.2010 00:06:29.688 GMT+0300	0.88655	0.8863	1	4
01.01.2010 00:06:31.238 GMT+0300	0.88655	0.8863	1	4
01.01.2010 00:06:34.727 GMT+0300	0.88655	0.88635	1	1
01.01.2010 00:06:34.897 GMT+0300	0.88655	0.8863	1	5.6
01.01.2010 00:06:35.138 GMT+0300	0.88655	0.88635	1	1
01.01.2010 00:06:42.996 GMT+0300	0.8866	0.88635	1.2	4
01.01.2010 00:06:43.405 GMT+0300	0.8866	0.88635	1	4
01.01.2010 00:06:43.695 GMT+0300	0.8866	0.88635	4	4
01.01.2010 00:06:44.045 GMT+0300	0.88655	0.88635	1	1
01.01.2010 00:06:45.095 GMT+0300	0.8865	0.8863	1	1
01.01.2010 00:06:53.752 GMT+0300	0.88655	0.8863	4.4	4
01.01.2010 00:06:54.172 GMT+0300	0.88655	0.8863	4	4
01.01.2010 00:07:01.301 GMT+0300	0.88655	0.88635	4	1
01.01.2010 00:07:07.289 GMT+0300	0.88655	0.8863	4	4
01.01.2010 00:07:16.197 GMT+0300	0.88655	0.8863	4	4.1
01.01.2010 00:07:16.467 GMT+0300	0.88655	0.8863	4	4
01.01.2010 00:07:41.041 GMT+0300	0.88655	0.8863	4	1
01.01.2010 00:07:41.281 GMT+0300	0.88655	0.8863	4	4
01.01.2010 00:07:41.951 GMT+0300	0.8865	0.8863	1	1
01.01.2010 00:07:45.400 GMT+0300	0.88655	0.88635	1	1
01.01.2010 00:07:45.580 GMT+0300	0.88655	0.8863	4	4
01.01.2010 00:07:45.910 GMT+0300	0.8865	0.8863	1	1
01.01.2010 00:07:47.000 GMT+0300	0.88655	0.88635	1.2	1
01.01.2010 00:07:47.180 GMT+0300	0.88655	0.88635	1	1
01.01.2010 00:07:49.839 GMT+0300	0.88655	0.88635	1	1.6
01.01.2010 00:08:27.070 GMT+0300	0.88655	0.88635	1	1
01.01.2010 00:08:27.250 GMT+0300	0.88655	0.88635	1	1.6
01.01.2010 00:08:33.148 GMT+0300	0.88655	0.88635	1	1
01.01.2010 00:09:02.719 GMT+0300	0.8864	0.8862	1	1.6
01.01.2010 00:09:02.830 GMT+0300	0.8864	0.8862	1	1.6
01.01.2010 00:09:02.880 GMT+0300	0.8864	0.8862	2.6	1
01.01.2010 00:09:09.738 GMT+0300	0.88641	0.88621	1	2.4
01.01.2010 00:09:09.908 GMT+0300	0.88642	0.88622	2.6	1
01.01.2010 00:09:10.198 GMT+0300	0.88641	0.88626	1	6.4
01.01.2010 00:09:10.368 GMT+0300	0.88644	0.88629	2.2	1.6
01.01.2010 00:09:10.478 GMT+0300	0.88648	0.88628	1	13.4
01.01.2010 00:09:16.969 GMT+0300	0.8865	0.8863	1	10.4
01.01.2010 00:09:20.255 GMT+0300	0.88648	0.88628	1	13.4
01.01.2010 00:09:21.275 GMT+0300	0.88644	0.88624	1	4.8
01.01.2010 00:09:21.395 GMT+0300	0.88641	0.88621	1	13.4
01.01.2010 00:09:23.845 GMT+0300	0.88641	0.88621	1	18.4
01.01.2010 00:09:26.174 GMT+0300	0.88639	0.88619	1	2.4
01.01.2010 00:09:26.344 GMT+0300	0.88638	0.88618	2.6	1
01.01.2010 00:09:26.674 GMT+0300	0.88636	0.88616	1	18.4
01.01.2010 00:09:27.064 GMT+0300	0.88635	0.88615	1	10.4
01.01.2010 00:09:27.424 GMT+0300	0.88636	0.88621	1	18.4
01.01.2010 00:09:35.252 GMT+0300	0.88643	0.88623	2.6	1
01.01.2010 00:09:41.400 GMT+0300	0.88643	0.88623	1	2.4
01.01.2010 00:09:41.800 GMT+0300	0.88643	0.88623	1	2.4
01.01.2010 00:09:58.606 GMT+0300	0.88641	0.88621	1	10.4
01.01.2010 00:09:59.076 GMT+0300	0.88642	0.88622	2.6	1
01.01.2010 00:09:59.196 GMT+0300	0.88644	0.88624	1	1.6
01.01.2010 00:09:59.676 GMT+0300	0.88646	0.88626	1	1.6
01.01.2010 00:10:00.557 GMT+0300	0.8865	0.8863	1	1
01.01.2010 00:10:01.667 GMT+0300	0.88645	0.88625	1	1.2
01.01.2010 00:10:01.957 GMT+0300	0.88645	0.88625	1	1
01.01.2010 00:11:09.481 GMT+0300	0.8865	0.88625	4.4	1
01.01.2010 00:11:09.831 GMT+0300	0.8865	0.88625	4	1
01.01.2010 00:11:14.310 GMT+0300	0.8865	0.88635	4	1
01.01.2010 00:11:18.029 GMT+0300	0.88645	0.88635	1	1
01.01.2010 00:11:18.139 GMT+0300	0.88655	0.88635	4	1
01.01.2010 00:11:19.558 GMT+0300	0.88655	0.88635	4	1
01.01.2010 00:11:20.208 GMT+0300	0.88655	0.88635	4	1
01.01.2010 00:11:20.378 GMT+0300	0.88655	0.88635	4	1
01.01.2010 00:11:42.933 GMT+0300	0.88655	0.88635	4	1
01.01.2010 00:11:53.110 GMT+0300	0.8865	0.88635	1	1
01.01.2010 00:12:14.425 GMT+0300	0.88655	0.88635	4.4	1
01.01.2010 00:12:14.715 GMT+0300	0.88655	0.8863	4.4	1
01.01.2010 00:12:21.613 GMT+0300	0.88655	0.88635	4.4	1
01.01.2010 00:12:29.122 GMT+0300	0.88655	0.88635	4	1
01.01.2010 00:12:49.587 GMT+0300	0.88655	0.88635	4	2.3
01.01.2010 00:12:49.767 GMT+0300	0.88655	0.88635	4	5.5
01.01.2010 00:12:49.937 GMT+0300	0.88655	0.88635	4	4.7
01.01.2010 00:12:56.965 GMT+0300	0.88655	0.88635	1	4.7
01.01.2010 00:13:09.792 GMT+0300	0.88655	0.88635	4	4.7
01.01.2010 00:13:10.402 GMT+0300	0.88655	0.88635	4.4	4.7
01.01.2010 00:13:14.751 GMT+0300	0.8865	0.88635	1	4.7
01.01.2010 00:13:15.301 GMT+0300	0.88655	0.88635	4	4.7
01.01.2010 00:13:17.840 GMT+0300	0.88655	0.88635	4.4	4.7
01.01.2010 00:13:18.020 GMT+0300	0.8865	0.88635	1	4.7
01.01.2010 00:13:18.190 GMT+0300	0.8865	0.8863	1	1.5
01.01.2010 00:13:18.420 GMT+0300	0.88645	0.8863	1	1.5
01.01.2010 00:13:18.600 GMT+0300	0.88645	0.88625	1	4.7
01.01.2010 00:13:35.636 GMT+0300	0.88645	0.88625	1	5.5
01.01.2010 00:13:35.756 GMT+0300	0.88645	0.8862	1	5.9
01.01.2010 00:13:38.125 GMT+0300	0.88645	0.88625	4	1
01.01.2010 00:13:38.295 GMT+0300	0.8864	0.8862	1	2.7
01.01.2010 00:13:38.585 GMT+0300	0.8864	0.8862	1	2.3
01.01.2010 00:13:42.804 GMT+0300	0.88645	0.8862	1.2	5.5
01.01.2010 00:13:42.924 GMT+0300	0.88645	0.8862	1	5.5
01.01.2010 00:13:44.434 GMT+0300	0.88645	0.8862	1	8.7
01.01.2010 00:14:00.300 GMT+0300	0.88645	0.8862	1	5.5
01.01.2010 00:14:00.420 GMT+0300	0.88645	0.8862	1	5.5
01.01.2010 00:14:28.663 GMT+0300	0.88645	0.88615	3.2	1
01.01.2010 00:14:28.943 GMT+0300	0.8863	0.88605	3.2	1.5
01.01.2010 00:14:38.711 GMT+0300	0.8863	0.88605	1	4.7
01.01.2010 00:14:38.770 GMT+0300	0.8863	0.88605	1	1.5
01.01.2010 00:14:39.231 GMT+0300	0.8863	0.88605	3.2	1.5
01.01.2010 00:15:04.434 GMT+0300	0.8863	0.88605	1	4.7
01.01.2010 00:15:04.495 GMT+0300	0.88635	0.88605	3.2	4.7
01.01.2010 00:15:13.262 GMT+0300	0.88635	0.8861	3.2	1.5
01.01.2010 00:15:15.732 GMT+0300	0.88635	0.88605	3.2	4.7
01.01.2010 00:16:26.815 GMT+0300	0.88635	0.88605	1	4.7
01.01.2010 00:16:27.165 GMT+0300	0.88635	0.8861	1	1.5
01.01.2010 00:16:41.021 GMT+0300	0.88635	0.8861	1	4.7
01.01.2010 00:16:41.131 GMT+0300	0.8864	0.8861	3.2	4.7
01.01.2010 00:17:48.815 GMT+0300	0.8864	0.886	3.2	4.7
01.01.2010 00:17:49.055 GMT+0300	0.88635	0.886	1	4.7
01.01.2010 00:18:16.019 GMT+0300	0.8864	0.886	3.2	4.7
01.01.2010 00:19:06.486 GMT+0300	0.88635	0.886	1	4.7
01.01.2010 00:19:35.719 GMT+0300	0.8864	0.886	3.2	4.7
01.01.2010 00:19:51.826 GMT+0300	0.8864	0.8861	3.2	4.7
01.01.2010 00:19:57.015 GMT+0300	0.88635	0.8861	1	3.2
01.01.2010 00:19:57.254 GMT+0300	0.88635	0.88605	3.2	4.7
01.01.2010 00:19:58.384 GMT+0300	0.8863	0.88605	3.2	1.5
01.01.2010 00:19:59.584 GMT+0300	0.88635	0.886	3.2	4.7
01.01.2010 00:20:05.822 GMT+0300	0.8864	0.886	3.2	4.7
01.01.2010 00:20:07.532 GMT+0300	0.88635	0.886	3.2	4.7
01.01.2010 00:20:12.821 GMT+0300	0.8863	0.88605	4	2.3
01.01.2010 00:20:12.981 GMT+0300	0.88625	0.88605	1	2.3
01.01.2010 00:20:17.740 GMT+0300	0.8863	0.88605	4	2.3
01.01.2010 00:20:19.979 GMT+0300	0.88635	0.88605	1	1.5
01.01.2010 00:20:20.259 GMT+0300	0.88645	0.88605	3.2	1.5
01.01.2010 00:21:23.874 GMT+0300	0.88645	0.88605	1	1.5
01.01.2010 00:21:36.211 GMT+0300	0.88645	0.88605	3.2	1.5
01.01.2010 00:21:36.441 GMT+0300	0.8865	0.88605	3.3	1.5
01.01.2010 00:21:44.269 GMT+0300	0.8864	0.88605	1	1.5
01.01.2010 00:22:02.884 GMT+0300	0.8864	0.88605	3.2	1.5
01.01.2010 00:22:22.270 GMT+0300	0.8864	0.88605	1	1.5
01.01.2010 00:22:33.437 GMT+0300	0.88645	0.88605	3.2	1.5
01.01.2010 00:23:37.181 GMT+0300	0.8864	0.88605	1	1.5
01.01.2010 00:23:46.199 GMT+0300	0.8864	0.88605	3.2	1.5
01.01.2010 00:24:05.405 GMT+0300	0.8864	0.88605	3.2	4.7
01.01.2010 00:24:05.744 GMT+0300	0.88645	0.88605	3.2	4.7
01.01.2010 00:24:20.641 GMT+0300	0.88645	0.88615	3.2	4.7
01.01.2010 00:24:24.180 GMT+0300	0.88645	0.88615	3.2	3.2
01.01.2010 00:24:24.410 GMT+0300	0.8864	0.8859	3.2	4.7
01.01.2010 00:24:26.230 GMT+0300	0.8864	0.8858	3.3	9.5
01.01.2010 00:24:29.389 GMT+0300	0.88635	0.88605	1	1
01.01.2010 00:24:29.559 GMT+0300	0.8863	0.8861	1	1
01.01.2010 00:24:29.729 GMT+0300	0.88635	0.8861	4.4	1
01.01.2010 00:24:34.258 GMT+0300	0.8863	0.8861	1	1
01.01.2010 00:24:34.478 GMT+0300	0.8864	0.88615	1	4.7
01.01.2010 00:24:34.768 GMT+0300	0.8868	0.8862	3.2	4.7
01.01.2010 00:24:34.988 GMT+0300	0.8868	0.88625	3.2	4.7
01.01.2010 00:24:35.288 GMT+0300	0.88685	0.88625	4.8	4.7
01.01.2010 00:24:35.517 GMT+0300	0.88685	0.88625	3.2	4.7
01.01.2010 00:24:35.818 GMT+0300	0.88675	0.88625	1	4.7
01.01.2010 00:24:36.058 GMT+0300	0.8868	0.8863	3.2	4.7
01.01.2010 00:24:37.047 GMT+0300	0.8869	0.8864	3.2	1.5
01.01.2010 00:24:40.686 GMT+0300	0.88685	0.88645	3.2	4.7
01.01.2010 00:24:41.946 GMT+0300	0.8868	0.88645	3.2	4.7
01.01.2010 00:24:42.126 GMT+0300	0.88685	0.8865	3.2	1.5
01.01.2010 00:24:43.675 GMT+0300	0.8869	0.8865	3.3	1.5
01.01.2010 00:24:43.955 GMT+0300	0.88675	0.88645	3.2	4.7
01.01.2010 00:24:44.295 GMT+0300	0.8867	0.88635	3.2	4.7
01.01.2010 00:24:45.405 GMT+0300	0.8866	0.88635	3.2	1.5
01.01.2010 00:24:45.515 GMT+0300	0.8866	0.8863	3.2	4.7
01.01.2010 00:24:45.575 GMT+0300	0.8867	0.88635	3.2	4.7
01.01.2010 00:24:45.695 GMT+0300	0.88665	0.88635	3.2	4.7
01.01.2010 00:24:46.335 GMT+0300	0.8866	0.8863	3.2	4.7
01.01.2010 00:24:47.385 GMT+0300	0.8866	0.88635	3.2	1.5
01.01.2010 00:24:47.685 GMT+0300	0.8866	0.8863	3.2	4.7
01.01.2010 00:24:48.494 GMT+0300	0.88665	0.88635	3.2	4.7
01.01.2010 00:24:48.664 GMT+0300	0.88665	0.88635	3.2	1.5
01.01.2010 00:24:48.824 GMT+0300	0.88665	0.88625	3.2	4.7
01.01.2010 00:24:49.064 GMT+0300	0.8866	0.88625	3.2	4.7
01.01.2010 00:24:49.294 GMT+0300	0.88655	0.88625	1	3.2
01.01.2010 00:24:49.465 GMT+0300	0.8866	0.88625	3.2	4.7
01.01.2010 00:24:51.344 GMT+0300	0.88645	0.88625	1	1.5
01.01.2010 00:24:51.524 GMT+0300	0.88645	0.8862	1	5.5
01.01.2010 00:25:08.539 GMT+0300	0.88645	0.8862	4.4	4
01.01.2010 00:25:08.879 GMT+0300	0.88645	0.8862	4	4
01.01.2010 00:25:09.549 GMT+0300	0.88645	0.8862	1	4
01.01.2010 00:25:09.669 GMT+0300	0.88645	0.8862	1	5.5
01.01.2010 00:25:10.979 GMT+0300	0.8864	0.8862	1	2.3
01.01.2010 00:25:14.548 GMT+0300	0.8864	0.8862	1	1
01.01.2010 00:25:27.395 GMT+0300	0.8864	0.8862	1	1
01.01.2010 00:25:27.695 GMT+0300	0.88635	0.88615	1	4.7
01.01.2010 00:25:28.035 GMT+0300	0.88635	0.88615	1	1
01.01.2010 00:25:34.463 GMT+0300	0.8863	0.8861	1	1.9
01.01.2010 00:25:34.643 GMT+0300	0.8863	0.88605	1	8.7
01.01.2010 00:25:39.692 GMT+0300	0.88625	0.88605	1	4.7
01.01.2010 00:26:47.995 GMT+0300	0.88625	0.8861	1	4.7
01.01.2010 00:26:48.166 GMT+0300	0.8863	0.8861	1	5.5
01.01.2010 00:26:48.565 GMT+0300	0.8863	0.88615	1	1.5
01.01.2010 00:26:51.975 GMT+0300	0.8863	0.8861	1	2.3
01.01.2010 00:26:52.095 GMT+0300	0.88625	0.88605	1	5.1
01.01.2010 00:26:52.434 GMT+0300	0.88625	0.88605	1	4.7
01.01.2010 00:26:57.203 GMT+0300	0.88625	0.88605	1	7.1
01.01.2010 00:26:57.323 GMT+0300	0.8863	0.8861	1.2	4
01.01.2010 00:26:57.443 GMT+0300	0.8863	0.88615	1.2	1.5
01.01.2010 00:26:57.563 GMT+0300	0.8863	0.88615	1	1.5
01.01.2010 00:26:58.903 GMT+0300	0.88625	0.88605	1	5.9
01.01.2010 00:26:59.083 GMT+0300	0.88625	0.88605	1	4.7
01.01.2010 00:27:23.497 GMT+0300	0.88625	0.88605	1	6.3
01.01.2010 00:27:23.667 GMT+0300	0.8863	0.88615	1	2.3
01.01.2010 00:27:23.847 GMT+0300	0.88635	0.88615	1	5.5
01.01.2010 00:28:07.447 GMT+0300	0.8864	0.88615	4.4	8.7
01.01.2010 00:28:07.557 GMT+0300	0.8864	0.8862	1	2.3
01.01.2010 00:28:13.235 GMT+0300	0.88645	0.8862	4.4	2.3
01.01.2010 00:28:13.455 GMT+0300	0.88645	0.8862	4	2.3
01.01.2010 00:28:15.105 GMT+0300	0.8864	0.8862	1	2.3
01.01.2010 00:28:16.665 GMT+0300	0.88645	0.8862	4	2.3
01.01.2010 00:28:22.413 GMT+0300	0.8864	0.8862	1	2.3
01.01.2010 00:28:35.170 GMT+0300	0.8864	0.8862	4	1.5
01.01.2010 00:28:35.400 GMT+0300	0.8863	0.88615	5.2	1
01.01.2010 00:28:35.510 GMT+0300	0.8863	0.8861	1	5.9
01.01.2010 00:28:35.680 GMT+0300	0.8863	0.8861	1	5.5
01.01.2010 00:28:44.877 GMT+0300	0.88635	0.88615	1	4.8
01.01.2010 00:28:44.987 GMT+0300	0.8864	0.8862	4.4	1.5
01.01.2010 00:28:45.317 GMT+0300	0.8864	0.8862	4	1.5
01.01.2010 00:28:51.896 GMT+0300	0.8864	0.8862	1	1.5
01.01.2010 00:29:30.976 GMT+0300	0.8864	0.88625	1	1.5
01.01.2010 00:30:00.339 GMT+0300	0.88645	0.88625	1	1.5
01.01.2010 00:30:00.519 GMT+0300	0.8864	0.88625	1	1.5
01.01.2010 00:30:23.224 GMT+0300	0.8864	0.88625	1	4.7
01.01.2010 00:30:53.736 GMT+0300	0.88635	0.8862	1	4.7
01.01.2010 00:30:59.665 GMT+0300	0.8864	0.8862	1.2	5.5
01.01.2010 00:30:59.775 GMT+0300	0.8864	0.8862	1	5.5
01.01.2010 00:31:02.204 GMT+0300	0.88635	0.8862	1	4.7
01.01.2010 00:31:20.420 GMT+0300	0.8864	0.8862	4	4.7
01.01.2010 00:31:29.558 GMT+0300	0.8864	0.88625	4	3.2
01.01.2010 00:31:29.728 GMT+0300	0.8864	0.88625	1	4.7
01.01.2010 00:31:50.063 GMT+0300	0.8865	0.8864	1	4
01.01.2010 00:31:50.403 GMT+0300	0.8865	0.88645	1	1.5
01.01.2010 00:31:50.523 GMT+0300	0.88675	0.8865	4.9	1
01.01.2010 00:31:50.633 GMT+0300	0.88685	0.8865	4	1
01.01.2010 00:31:50.743 GMT+0300	0.88685	0.8865	4	5.5
01.01.2010 00:31:54.212 GMT+0300	0.8867	0.8865	1	5.5
01.01.2010 00:31:54.502 GMT+0300	0.88675	0.8865	1	4.7
01.01.2010 00:31:54.682 GMT+0300	0.8869	0.88655	1	4.7
01.01.2010 00:31:58.951 GMT+0300	0.8869	0.88655	3.2	4.7
01.01.2010 00:32:14.877 GMT+0300	0.88685	0.88655	1	4.7
01.01.2010 00:32:16.026 GMT+0300	0.88685	0.88655	3.2	4.7
01.01.2010 00:32:19.586 GMT+0300	0.88675	0.88655	4	4.7
01.01.2010 00:32:19.756 GMT+0300	0.88675	0.8865	4	5.5
01.01.2010 00:32:20.465 GMT+0300	0.8867	0.8865	1	4.7
01.01.2010 00:32:20.745 GMT+0300	0.88675	0.88655	1	4.7
01.01.2010 00:32:21.026 GMT+0300	0.88685	0.88655	3.2	4.7
01.01.2010 00:32:48.639 GMT+0300	0.88685	0.88655	1	4.7
01.01.2010 00:33:07.044 GMT+0300	0.88685	0.88655	3.2	4.7
01.01.2010 00:33:07.964 GMT+0300	0.8868	0.88655	1	4.7
01.01.2010 00:33:08.294 GMT+0300	0.8868	0.88655	4	8.7
01.01.2010 00:33:14.163 GMT+0300	0.8868	0.8866	4	1.5
01.01.2010 00:33:15.782 GMT+0300	0.8868	0.8866	4	4.7
01.01.2010 00:33:16.752 GMT+0300	0.88685	0.8866	4.4	5.5
01.01.2010 00:33:17.042 GMT+0300	0.88685	0.8866	4	5.5
01.01.2010 00:33:17.332 GMT+0300	0.88685	0.88665	4	1.5
01.01.2010 00:33:24.490 GMT+0300	0.88685	0.88665	1	1.5
01.01.2010 00:33:24.610 GMT+0300	0.8868	0.88665	1	4.7
01.01.2010 00:33:29.919 GMT+0300	0.8868	0.88665	1	1.5
01.01.2010 00:33:30.089 GMT+0300	0.8868	0.88665	1	4.7
01.01.2010 00:33:33.078 GMT+0300	0.88685	0.8867	1	1.5
01.01.2010 00:33:46.315 GMT+0300	0.8869	0.88675	1	1
01.01.2010 00:33:46.435 GMT+0300	0.8869	0.88675	1	2.3
01.01.2010 00:33:46.555 GMT+0300	0.8869	0.88675	1	5.5
01.01.2010 00:33:46.615 GMT+0300	0.88695	0.88675	1	5.5
01.01.2010 00:34:38.182 GMT+0300	0.88695	0.88675	1	4
01.01.2010 00:34:38.413 GMT+0300	0.88695	0.88675	1	1
01.01.2010 00:35:01.354 GMT+0300	0.88678	0.88658	2.6	1
01.01.2010 00:35:03.233 GMT+0300	0.8868	0.8866	1	1.8
01.01.2010 00:35:03.413 GMT+0300	0.8868	0.8866	1	1
01.01.2010 00:35:03.643 GMT+0300	0.88682	0.88662	1.8	1
01.01.2010 00:35:04.263 GMT+0300	0.88682	0.88662	1.6	1
01.01.2010 00:35:04.503 GMT+0300	0.88684	0.88664	7.3	1
01.01.2010 00:35:04.853 GMT+0300	0.88685	0.88665	1.6	1
01.01.2010 00:35:07.552 GMT+0300	0.88685	0.88665	1.8	1
01.01.2010 00:35:08.062 GMT+0300	0.88682	0.88672	1.6	1.1
01.01.2010 00:35:08.752 GMT+0300	0.88682	0.88672	7.3	1
01.01.2010 00:35:08.972 GMT+0300	0.8868	0.8867	1.8	1
01.01.2010 00:35:09.471 GMT+0300	0.88678	0.88668	2.6	1
01.01.2010 00:35:09.822 GMT+0300	0.8868	0.88665	1.6	1
01.01.2010 00:35:09.992 GMT+0300	0.8868	0.88665	1.6	1
01.01.2010 00:35:11.921 GMT+0300	0.88682	0.88667	2.6	1
01.01.2010 00:35:12.151 GMT+0300	0.88682	0.88667	1.6	1
01.01.2010 00:35:12.381 GMT+0300	0.88682	0.88667	2.6	1
01.01.2010 00:35:12.561 GMT+0300	0.8868	0.88665	4	1
01.01.2010 00:35:12.731 GMT+0300	0.88679	0.88664	1	2.6
01.01.2010 00:35:12.891 GMT+0300	0.88679	0.88664	1.8	1
01.01.2010 00:35:13.061 GMT+0300	0.8868	0.88665	2.6	1
01.01.2010 00:35:18.550 GMT+0300	0.8868	0.88665	1	2.6
01.01.2010 00:35:19.689 GMT+0300	0.8868	0.88665	1	1
01.01.2010 00:35:23.888 GMT+0300	0.88682	0.88667	1.7	1
01.01.2010 00:35:23.998 GMT+0300	0.88682	0.88667	1.6	1
01.01.2010 00:35:24.668 GMT+0300	0.88683	0.88663	1.6	2.3
01.01.2010 00:35:25.918 GMT+0300	0.88682	0.88662	1.6	1
01.01.2010 00:35:27.017 GMT+0300	0.8868	0.8866	1.6	1
01.01.2010 00:35:27.067 GMT+0300	0.88677	0.88662	1.7	1
01.01.2010 00:35:27.177 GMT+0300	0.88677	0.88662	1.6	1
01.01.2010 00:35:44.433 GMT+0300	0.88677	0.88662	2.4	1
01.01.2010 00:35:44.783 GMT+0300	0.88681	0.88661	1	1.8
01.01.2010 00:35:46.343 GMT+0300	0.88679	0.88664	2.6	1
01.01.2010 00:35:48.762 GMT+0300	0.88683	0.88663	4	1
01.01.2010 00:35:49.102 GMT+0300	0.88684	0.88664	1.6	1
01.01.2010 00:35:49.342 GMT+0300	0.88682	0.88667	1	1.8
01.01.2010 00:35:49.632 GMT+0300	0.88683	0.88663	1	1
01.01.2010 00:35:49.852 GMT+0300	0.88681	0.88666	4	1
01.01.2010 00:35:50.142 GMT+0300	0.88686	0.88666	1	2.6
01.01.2010 00:35:55.321 GMT+0300	0.88687	0.88667	1	2.6
01.01.2010 00:36:29.126 GMT+0300	0.88695	0.88675	1	2.3
01.01.2010 00:37:46.848 GMT+0300	0.88695	0.88675	1	1
01.01.2010 00:37:51.037 GMT+0300	0.88695	0.88675	1	5.5
01.01.2010 00:38:46.813 GMT+0300	0.887	0.88675	1	4.7
01.01.2010 00:39:04.755 GMT+0300	0.88681	0.88655	1	1.6
01.01.2010 00:39:05.375 GMT+0300	0.88682	0.88657	1	1.8
01.01.2010 00:39:05.655 GMT+0300	0.88682	0.88662	14.5	3.8
01.01.2010 00:39:12.663 GMT+0300	0.88683	0.88663	1.2	1.6
01.01.2010 00:39:12.783 GMT+0300	0.88684	0.88664	1	1.6
01.01.2010 00:39:14.233 GMT+0300	0.88684	0.88664	1	1.6
01.01.2010 00:39:14.533 GMT+0300	0.88684	0.88664	9.8	2.2
01.01.2010 00:39:16.822 GMT+0300	0.88685	0.8866	16.9	2.6
01.01.2010 00:39:17.782 GMT+0300	0.88684	0.88659	16.9	2.6
01.01.2010 00:39:18.242 GMT+0300	0.88685	0.8866	12	2.6
01.01.2010 00:39:18.352 GMT+0300	0.88686	0.88661	1	2.9
01.01.2010 00:39:18.512 GMT+0300	0.88685	0.88665	14.6	3.8
01.01.2010 00:39:26.790 GMT+0300	0.88684	0.88664	1	1.8
01.01.2010 00:39:43.706 GMT+0300	0.88684	0.88664	10.8	1.6
01.01.2010 00:39:44.176 GMT+0300	0.88686	0.88666	1	1.6
01.01.2010 00:39:51.754 GMT+0300	0.88687	0.88667	16.8	2.6
01.01.2010 00:40:12.249 GMT+0300	0.88677	0.88657	1	2.9
01.01.2010 00:40:12.529 GMT+0300	0.88678	0.88658	16.9	2.6
01.01.2010 00:40:12.709 GMT+0300	0.88679	0.88659	5.8	2.2
01.01.2010 00:40:12.819 GMT+0300	0.8868	0.8866	5	1.6
01.01.2010 00:40:23.916 GMT+0300	0.88682	0.88662	11.8	2.6
01.01.2010 00:40:24.216 GMT+0300	0.88684	0.88664	1	3.6
01.01.2010 00:40:24.336 GMT+0300	0.88686	0.88666	5	1.6
01.01.2010 00:40:24.506 GMT+0300	0.88686	0.88666	5.2	1.6
01.01.2010 00:40:27.925 GMT+0300	0.88687	0.88662	1	1.6
01.01.2010 00:40:28.045 GMT+0300	0.88686	0.88661	1	1.6
01.01.2010 00:40:28.155 GMT+0300	0.88685	0.8866	1	1.8
01.01.2010 00:40:28.265 GMT+0300	0.88684	0.88659	1.2	1.6
01.01.2010 00:40:28.325 GMT+0300	0.88682	0.88662	12.1	2.6
01.01.2010 00:40:32.516 GMT+0300	0.88684	0.88664	1	1.6
01.01.2010 00:40:57.938 GMT+0300	0.88682	0.88662	1	1.6
01.01.2010 00:40:57.998 GMT+0300	0.88681	0.88661	9.2	1.6
01.01.2010 00:41:01.291 GMT+0300	0.88705	0.88675	1.6	4.7
01.01.2010 00:41:05.749 GMT+0300	0.88705	0.88675	1.6	4.7
01.01.2010 00:41:23.185 GMT+0300	0.88705	0.88675	1.6	4.7
01.01.2010 00:42:01.345 GMT+0300	0.88697	0.88673	8.9	8.7
01.01.2010 00:42:02.689 GMT+0300	0.88707	0.88647	3.1	12.3
01.01.2010 00:42:18.131 GMT+0300	0.88684	0.8866	3.4	11.7
01.01.2010 00:42:32.780 GMT+0300	0.88682	0.88667	3.4	11.7
01.01.2010 00:42:50.745 GMT+0300	0.88684	0.88669	8.9	8.7
01.01.2010 00:42:52.302 GMT+0300	0.8869	0.88665	7.4	3.6
01.01.2010 00:42:57.130 GMT+0300	0.88689	0.88669	3.4	11.7
01.01.2010 00:43:57.728 GMT+0300	0.88705	0.88665	1.6	6.4
01.01.2010 00:43:57.908 GMT+0300	0.88705	0.88665	1.6	6.4
01.01.2010 00:44:00.408 GMT+0300	0.887	0.8867	1	1
01.01.2010 00:44:21.233 GMT+0300	0.88705	0.8868	1	4
01.01.2010 00:44:24.392 GMT+0300	0.88705	0.8868	4	4
01.01.2010 00:44:29.091 GMT+0300	0.88705	0.8868	1	4
01.01.2010 00:44:29.381 GMT+0300	0.88705	0.8868	1	4
01.01.2010 00:44:31.500 GMT+0300	0.88705	0.8868	1	4
01.01.2010 00:44:31.770 GMT+0300	0.88705	0.8868	1	4
01.01.2010 00:44:31.830 GMT+0300	0.88705	0.8868	1	4
01.01.2010 00:44:31.990 GMT+0300	0.88705	0.8868	1	4
01.01.2010 00:44:33.010 GMT+0300	0.8871	0.8869	2.8	1
01.01.2010 00:44:33.340 GMT+0300	0.8871	0.8869	1.2	1
01.01.2010 00:44:33.550 GMT+0300	0.8871	0.8869	1	1
01.01.2010 00:45:03.852 GMT+0300	0.8871	0.88685	4	1.2
01.01.2010 00:45:04.142 GMT+0300	0.8871	0.8869	1	1
01.01.2010 00:45:17.589 GMT+0300	0.88715	0.88695	1	1
01.01.2010 00:45:17.709 GMT+0300	0.8872	0.88695	4.4	1
01.01.2010 00:45:30.566 GMT+0300	0.8872	0.88695	4.4	1
01.01.2010 00:45:30.796 GMT+0300	0.8872	0.88695	4.4	1
01.01.2010 00:45:32.226 GMT+0300	0.8872	0.88695	4.4	1
01.01.2010 00:45:32.565 GMT+0300	0.88715	0.88695	1	1
01.01.2010 00:45:33.215 GMT+0300	0.8872	0.88695	4	1
01.01.2010 00:45:34.345 GMT+0300	0.8872	0.88695	4	1
01.01.2010 00:45:35.205 GMT+0300	0.8872	0.88695	4	1
01.01.2010 00:45:52.761 GMT+0300	0.8872	0.88695	1	4
01.01.2010 00:45:52.930 GMT+0300	0.8872	0.88695	4	1
01.01.2010 00:45:55.240 GMT+0300	0.8872	0.88695	4	1
01.01.2010 00:46:07.917 GMT+0300	0.8871	0.8869	4	2
01.01.2010 00:46:07.967 GMT+0300	0.8871	0.8869	4	1
01.01.2010 00:46:11.456 GMT+0300	0.88705	0.8864	3.2	1.5
01.01.2010 00:46:21.114 GMT+0300	0.88705	0.88645	3.2	1.6
01.01.2010 00:47:32.966 GMT+0300	0.88705	0.8865	3.2	1
01.01.2010 00:48:00.950 GMT+0300	0.8871	0.8865	3.2	1
01.01.2010 00:48:22.784 GMT+0300	0.88705	0.8865	3.2	1
01.01.2010 00:48:22.894 GMT+0300	0.88705	0.8865	3.2	1
01.01.2010 00:48:45.069 GMT+0300	0.88705	0.8865	1	1
01.01.2010 00:49:42.635 GMT+0300	0.88715	0.88665	1.6	4.7
01.01.2010 00:49:42.975 GMT+0300	0.8871	0.8865	3.2	5.5
01.01.2010 00:49:44.175 GMT+0300	0.8871	0.8865	3.2	1
01.01.2010 00:50:07.279 GMT+0300	0.8871	0.8865	3.2	2.3
01.01.2010 00:50:26.965 GMT+0300	0.8871	0.8865	3.2	1
01.01.2010 00:51:07.445 GMT+0300	0.8871	0.88645	3.2	3.1
01.01.2010 00:51:07.675 GMT+0300	0.8871	0.88645	3.2	1.6
01.01.2010 00:51:12.233 GMT+0300	0.88705	0.88645	3.2	1.6
01.01.2010 00:51:12.453 GMT+0300	0.88705	0.88645	3.2	1.6
01.01.2010 00:51:17.473 GMT+0300	0.8871	0.88645	3.2	1.6
01.01.2010 00:51:48.085 GMT+0300	0.8871	0.88645	3.2	4.8
01.01.2010 00:51:48.305 GMT+0300	0.8871	0.88645	3.2	6.3
01.01.2010 00:51:53.604 GMT+0300	0.8871	0.88645	1	3.1
01.01.2010 00:51:53.724 GMT+0300	0.88715	0.88645	2	1.6
01.01.2010 00:52:14.129 GMT+0300	0.88705	0.88645	4	1.6
01.01.2010 00:52:24.366 GMT+0300	0.8871	0.88645	4	1.6
01.01.2010 00:52:50.180 GMT+0300	0.8871	0.88645	4	1.6
01.01.2010 00:52:50.340 GMT+0300	0.88715	0.88645	1	1.6
01.01.2010 00:52:50.980 GMT+0300	0.88715	0.8866	1	3.2
01.01.2010 00:52:51.970 GMT+0300	0.8872	0.8867	3.3	1
01.01.2010 00:52:53.299 GMT+0300	0.88715	0.88675	1	1
01.01.2010 00:53:16.904 GMT+0300	0.88715	0.8866	1	1.6
01.01.2010 00:53:18.283 GMT+0300	0.8872	0.8866	3.2	1.6
01.01.2010 00:53:19.193 GMT+0300	0.88715	0.8866	1	1.6
01.01.2010 00:53:33.949 GMT+0300	0.8872	0.8866	3.2	1.6
01.01.2010 00:53:34.120 GMT+0300	0.8873	0.88675	1	1.6
01.01.2010 00:53:34.350 GMT+0300	0.88735	0.88675	4	3.1
01.01.2010 00:53:34.579 GMT+0300	0.88735	0.88675	2	3.1
01.01.2010 00:53:34.809 GMT+0300	0.8874	0.88675	4	3.1
01.01.2010 00:53:35.049 GMT+0300	0.8874	0.88675	4	6.3
01.01.2010 00:53:40.378 GMT+0300	0.88745	0.88675	11.2	6.3
01.01.2010 00:53:40.548 GMT+0300	0.8874	0.88675	5.6	6.3
01.01.2010 00:53:40.718 GMT+0300	0.8874	0.88675	7.2	6.3
01.01.2010 00:53:40.948 GMT+0300	0.8874	0.88675	7.2	1.6
01.01.2010 00:53:54.985 GMT+0300	0.8874	0.88675	3.2	1.6
01.01.2010 00:54:03.003 GMT+0300	0.8874	0.88675	3.2	1.6
01.01.2010 00:54:04.283 GMT+0300	0.8874	0.88675	3.2	1.6
01.01.2010 00:54:18.839 GMT+0300	0.88735	0.88675	1	1.6
01.01.2010 00:54:19.009 GMT+0300	0.88725	0.88675	1.6	1
01.01.2010 00:54:20.399 GMT+0300	0.8872	0.88675	1	1
01.01.2010 00:54:20.919 GMT+0300	0.88715	0.88675	1	1
01.01.2010 00:55:00.649 GMT+0300	0.88715	0.8866	1	1
01.01.2010 00:55:00.889 GMT+0300	0.88725	0.8865	4	1.5
01.01.2010 00:55:01.399 GMT+0300	0.8872	0.88645	3.2	2.2
01.01.2010 00:55:02.419 GMT+0300	0.8872	0.88645	3.3	2.2
01.01.2010 00:55:04.219 GMT+0300	0.8872	0.88645	3.3	1.6
01.01.2010 00:55:08.427 GMT+0300	0.88715	0.88645	1	1.6
01.01.2010 00:55:08.487 GMT+0300	0.88705	0.88645	7.2	1.6
01.01.2010 00:55:08.597 GMT+0300	0.88705	0.88645	4	1.6
01.01.2010 00:55:08.707 GMT+0300	0.88695	0.8864	1	1.6
01.01.2010 00:55:08.887 GMT+0300	0.88695	0.8864	1	1
01.01.2010 00:55:09.007 GMT+0300	0.88695	0.8864	1.6	1
01.01.2010 00:55:10.507 GMT+0300	0.8869	0.8864	1	1
01.01.2010 00:55:11.367 GMT+0300	0.88685	0.8864	1	1
01.01.2010 00:55:11.887 GMT+0300	0.88685	0.88635	1	1.6
01.01.2010 00:55:13.216 GMT+0300	0.88685	0.88635	1	1.6
01.01.2010 00:55:24.793 GMT+0300	0.8869	0.88645	1	1
01.01.2010 00:55:26.973 GMT+0300	0.8869	0.88635	1	1.6
01.01.2010 00:55:36.951 GMT+0300	0.88685	0.88635	1	1.6
01.01.2010 00:55:47.898 GMT+0300	0.8869	0.88635	1	1.6
01.01.2010 00:55:48.068 GMT+0300	0.88675	0.88635	3.2	1.6
01.01.2010 00:55:48.228 GMT+0300	0.88675	0.88575	3.2	4.7
01.01.2010 00:55:53.416 GMT+0300	0.88675	0.8859	3.2	6.7
01.01.2010 00:56:08.533 GMT+0300	0.88675	0.8859	3.3	6.7
01.01.2010 00:56:08.803 GMT+0300	0.8865	0.88585	2	1.5
01.01.2010 00:56:08.963 GMT+0300	0.8865	0.88595	2	4.7
01.01.2010 00:56:09.952 GMT+0300	0.88645	0.88595	4	4.7
01.01.2010 00:56:10.173 GMT+0300	0.8864	0.88595	2	4.7
01.01.2010 00:56:10.342 GMT+0300	0.8864	0.8859	4	4.7
01.01.2010 00:56:10.582 GMT+0300	0.88645	0.8859	4	4.7
01.01.2010 00:56:15.751 GMT+0300	0.8865	0.8859	4	4.7
01.01.2010 00:56:16.281 GMT+0300	0.88645	0.88565	4	1.5
01.01.2010 00:56:16.521 GMT+0300	0.8864	0.8859	2	4.7
01.01.2010 00:56:17.441 GMT+0300	0.8864	0.8856	2	2.3
01.01.2010 00:56:17.671 GMT+0300	0.8864	0.8856	2	1.5
01.01.2010 00:56:24.329 GMT+0300	0.88635	0.88565	1	4.7
01.01.2010 00:56:26.639 GMT+0300	0.88635	0.88565	1	4.7
01.01.2010 00:56:26.808 GMT+0300	0.88635	0.88565	2	4.7
01.01.2010 00:56:27.328 GMT+0300	0.88635	0.88565	1	4.7
01.01.2010 00:56:30.198 GMT+0300	0.88635	0.88565	1	4.7
01.01.2010 00:56:55.521 GMT+0300	0.8864	0.8858	4	4.7
01.01.2010 00:56:55.742 GMT+0300	0.88645	0.8858	1	4.7
01.01.2010 00:56:57.171 GMT+0300	0.88645	0.8859	1	1
01.01.2010 00:56:58.301 GMT+0300	0.88645	0.88595	1	1
01.01.2010 00:57:05.479 GMT+0300	0.88645	0.88595	1	1.6
01.01.2010 00:57:09.068 GMT+0300	0.8865	0.88595	1	1.6
01.01.2010 00:57:09.239 GMT+0300	0.88645	0.886	1	1
01.01.2010 00:57:18.206 GMT+0300	0.88655	0.88615	1	1.6
01.01.2010 00:57:18.316 GMT+0300	0.8868	0.88615	1.6	1.6
01.01.2010 00:57:18.956 GMT+0300	0.8872	0.8863	4	3.2
01.01.2010 00:57:19.116 GMT+0300	0.8872	0.88635	4	4.7
01.01.2010 00:57:21.036 GMT+0300	0.88685	0.88605	2	6.3
01.01.2010 00:57:21.865 GMT+0300	0.88685	0.8861	2	1.5
01.01.2010 00:57:22.215 GMT+0300	0.8867	0.88615	2	1.6
01.01.2010 00:57:24.325 GMT+0300	0.8867	0.88615	2	1.6
01.01.2010 00:57:28.014 GMT+0300	0.88665	0.88615	2	1.6
01.01.2010 00:57:28.254 GMT+0300	0.8867	0.88615	1	1.6
01.01.2010 00:57:42.200 GMT+0300	0.8867	0.88615	1	1.6
01.01.2010 00:57:42.430 GMT+0300	0.8867	0.88615	1.6	1.6
01.01.2010 00:57:42.650 GMT+0300	0.8867	0.8861	3.2	1.6
01.01.2010 00:57:43.680 GMT+0300	0.8867	0.8861	3.2	1.6
01.01.2010 00:57:47.649 GMT+0300	0.8867	0.8861	1.6	1.6
01.01.2010 00:57:47.869 GMT+0300	0.88675	0.88615	5.6	1.6
01.01.2010 00:57:48.029 GMT+0300	0.88675	0.88615	7.2	1.6
01.01.2010 00:57:50.538 GMT+0300	0.88675	0.88615	7.2	1.6
01.01.2010 00:58:36.337 GMT+0300	0.8867	0.88615	1	1.6
01.01.2010 00:58:36.567 GMT+0300	0.8867	0.8861	2.4	1.6
01.01.2010 00:58:39.647 GMT+0300	0.88665	0.88605	1.6	2.4
01.01.2010 00:58:39.817 GMT+0300	0.88665	0.88605	2.4	1.6
01.01.2010 00:58:39.996 GMT+0300	0.88665	0.88605	6.4	1.6
01.01.2010 00:58:40.156 GMT+0300	0.88665	0.88605	2.4	1.6
01.01.2010 00:58:49.464 GMT+0300	0.88665	0.88605	6.4	1.6
01.01.2010 00:58:50.854 GMT+0300	0.88665	0.88605	6.4	4.8
01.01.2010 00:58:51.194 GMT+0300	0.88665	0.88605	6.4	6.3
01.01.2010 00:58:54.403 GMT+0300	0.88665	0.8861	5.6	1.5
01.01.2010 00:58:54.643 GMT+0300	0.88665	0.88615	4	1.6
01.01.2010 00:59:00.541 GMT+0300	0.88665	0.8861	4	1
01.01.2010 00:59:07.800 GMT+0300	0.88665	0.8861	4	2.3
01.01.2010 00:59:16.528 GMT+0300	0.8866	0.88575	3.2	2.3
01.01.2010 00:59:16.768 GMT+0300	0.88665	0.8858	4	1.5
01.01.2010 00:59:17.038 GMT+0300	0.8864	0.8856	2	6.7
01.01.2010 00:59:17.258 GMT+0300	0.8867	0.88585	4	4.7
01.01.2010 00:59:17.607 GMT+0300	0.88665	0.88585	4	4.7
01.01.2010 00:59:17.967 GMT+0300	0.88665	0.88605	2	4.7
01.01.2010 00:59:18.267 GMT+0300	0.8869	0.88615	4	4.7
01.01.2010 00:59:19.467 GMT+0300	0.8868	0.8862	2	1.5
01.01.2010 00:59:19.587 GMT+0300	0.88685	0.8862	4	1.5
01.01.2010 00:59:19.697 GMT+0300	0.88685	0.8862	2	1.5
01.01.2010 00:59:19.817 GMT+0300	0.8869	0.8862	4	1.5
01.01.2010 00:59:21.366 GMT+0300	0.8869	0.88585	4	8.7
01.01.2010 00:59:21.587 GMT+0300	0.88665	0.88585	4	4.7
01.01.2010 00:59:21.706 GMT+0300	0.88665	0.8861	4	1.5
01.01.2010 00:59:22.346 GMT+0300	0.88665	0.8858	4	4.7
01.01.2010 00:59:24.966 GMT+0300	0.8865	0.8859	4	1.5
01.01.2010 00:59:25.196 GMT+0300	0.8865	0.88585	4	4.7
01.01.2010 00:59:25.435 GMT+0300	0.8865	0.8859	4	4.7
01.01.2010 00:59:28.575 GMT+0300	0.8865	0.88585	4	4.7
01.01.2010 00:59:28.795 GMT+0300	0.8865	0.8859	4	4.7
01.01.2010 00:59:30.144 GMT+0300	0.88655	0.8859	4	4.7
01.01.2010 00:59:30.444 GMT+0300	0.8865	0.8859	4	4.7
01.01.2010 00:59:32.574 GMT+0300	0.8865	0.88585	4	4.7
01.01.2010 00:59:43.203 GMT+0300	0.8865	0.8859	4	4.7
01.01.2010 00:59:45.391 GMT+0300	0.8865	0.88605	4	4.7
01.01.2010 00:59:49.040 GMT+0300	0.8865	0.8854	4	4.8
01.01.2010 01:00:00.216 GMT+0300	0.88613	0.88593	2.2	2.8
01.01.2010 01:00:00.446 GMT+0300	0.88616	0.88596	1.6	1
01.01.2010 01:00:01.815 GMT+0300	0.88622	0.88597	7.7	2.4
01.01.2010 01:00:02.165 GMT+0300	0.8862	0.886	12.8	2.6
01.01.2010 01:00:02.505 GMT+0300	0.88622	0.88597	6	1
01.01.2010 01:00:02.845 GMT+0300	0.88621	0.88601	2.6	5.6
01.01.2010 01:00:03.075 GMT+0300	0.88625	0.886	6	3.8
01.01.2010 01:00:04.084 GMT+0300	0.88626	0.88601	1.6	3.4
01.01.2010 01:00:04.435 GMT+0300	0.88626	0.88601	1	2.4
01.01.2010 01:00:04.724 GMT+0300	0.88624	0.88599	1.6	6.2
01.01.2010 01:00:05.245 GMT+0300	0.88624	0.88599	4.3	3.8
01.01.2010 01:00:05.304 GMT+0300	0.88626	0.88601	3.8	3.9
01.01.2010 01:00:05.424 GMT+0300	0.88627	0.88597	15	2.2
01.01.2010 01:00:05.544 GMT+0300	0.88628	0.88598	6.1	2.4
01.01.2010 01:00:05.653 GMT+0300	0.88623	0.88603	4.1	15.8
01.01.2010 01:00:07.514 GMT+0300	0.88621	0.88601	9.3	1
01.01.2010 01:00:08.824 GMT+0300	0.88621	0.88601	2.6	1
01.01.2010 01:00:09.053 GMT+0300	0.88623	0.88603	2.6	1
01.01.2010 01:00:10.203 GMT+0300	0.88624	0.88604	9	3.8
01.01.2010 01:00:10.423 GMT+0300	0.88628	0.88603	12	2.6
01.01.2010 01:00:12.623 GMT+0300	0.88626	0.88606	8.1	1
01.01.2010 01:00:12.853 GMT+0300	0.88623	0.88603	2.6	3.8
01.01.2010 01:00:13.473 GMT+0300	0.88623	0.88603	1	2.6
01.01.2010 01:00:16.192 GMT+0300	0.88623	0.88603	8.9	1.6
01.01.2010 01:00:16.472 GMT+0300	0.88623	0.88603	2.6	7.8
01.01.2010 01:00:16.772 GMT+0300	0.88627	0.88602	1	2.1
01.01.2010 01:00:17.111 GMT+0300	0.88626	0.88601	1.6	1
01.01.2010 01:00:17.471 GMT+0300	0.88625	0.886	1	2.2
01.01.2010 01:00:17.811 GMT+0300	0.88624	0.88599	3.8	2.7
01.01.2010 01:00:17.871 GMT+0300	0.88623	0.88598	2.9	1
01.01.2010 01:00:21.596 GMT+0300	0.88621	0.88601	1	1.8
01.01.2010 01:00:52.543 GMT+0300	0.88626	0.88596	3.8	7.8
01.01.2010 01:00:55.443 GMT+0300	0.88623	0.88598	1	2.2
01.01.2010 01:00:56.822 GMT+0300	0.88621	0.88596	4	2.6
01.01.2010 01:00:57.172 GMT+0300	0.88623	0.88598	2.6	1
01.01.2010 01:00:57.522 GMT+0300	0.88621	0.88596	1.8	3.3
01.01.2010 01:00:57.861 GMT+0300	0.88621	0.88596	3.8	7.8
01.01.2010 01:00:58.202 GMT+0300	0.88621	0.88596	1.8	1
01.01.2010 01:00:58.492 GMT+0300	0.88621	0.88596	2.6	7.8
01.01.2010 01:00:58.832 GMT+0300	0.8862	0.886	3.8	9.8
01.01.2010 01:01:03.370 GMT+0300	0.88602	0.88582	1	2.4
01.01.2010 01:01:03.670 GMT+0300	0.88605	0.88585	4	21.4
01.01.2010 01:01:05.169 GMT+0300	0.8861	0.88585	2.6	1
01.01.2010 01:01:05.389 GMT+0300	0.88612	0.88587	3.3	1
01.01.2010 01:01:05.439 GMT+0300	0.88613	0.88588	9.5	2.6
01.01.2010 01:01:05.549 GMT+0300	0.88613	0.88588	15	2.2
01.01.2010 01:01:05.609 GMT+0300	0.88612	0.88587	1.6	1
01.01.2010 01:01:05.659 GMT+0300	0.88613	0.88588	1	1.6
01.01.2010 01:01:13.107 GMT+0300	0.88614	0.88589	1.6	2.2
01.01.2010 01:01:13.457 GMT+0300	0.88616	0.88591	1.6	1
01.01.2010 01:01:34.552 GMT+0300	0.88616	0.88591	1.6	1.6
01.01.2010 01:01:34.722 GMT+0300	0.88614	0.88589	10.9	4.6
01.01.2010 01:01:34.952 GMT+0300	0.88613	0.88588	7.3	2.6
01.01.2010 01:01:35.872 GMT+0300	0.88609	0.88589	1.8	1
01.01.2010 01:01:36.052 GMT+0300	0.88609	0.88589	1	1.6
01.01.2010 01:01:37.481 GMT+0300	0.88613	0.88588	1	3.8
01.01.2010 01:01:37.881 GMT+0300	0.88617	0.88592	7.3	3.8
01.01.2010 01:01:43.360 GMT+0300	0.88616	0.88596	2.2	3.4
01.01.2010 01:01:43.750 GMT+0300	0.88615	0.88595	2.6	1.8
01.01.2010 01:01:44.430 GMT+0300	0.88613	0.88593	1	3.8
01.01.2010 01:01:52.318 GMT+0300	0.8861	0.8859	11.3	1.6
01.01.2010 01:01:53.018 GMT+0300	0.88608	0.88588	5.4	1
01.01.2010 01:01:55.587 GMT+0300	0.88607	0.88587	1.6	1
01.01.2010 01:01:55.697 GMT+0300	0.88609	0.88589	2.6	10.2
01.01.2010 01:01:55.817 GMT+0300	0.88609	0.88589	7.3	2.6
01.01.2010 01:01:55.927 GMT+0300	0.88611	0.88591	1.6	1
01.01.2010 01:01:57.077 GMT+0300	0.88609	0.88589	1	1.6
01.01.2010 01:01:57.767 GMT+0300	0.88609	0.88589	1.3	2.4
01.01.2010 01:01:58.156 GMT+0300	0.88607	0.88587	1.9	2.2
01.01.2010 01:01:58.396 GMT+0300	0.88607	0.88587	1	3.8
01.01.2010 01:01:58.946 GMT+0300	0.88606	0.88586	2.8	1.6
01.01.2010 01:01:59.176 GMT+0300	0.88607	0.88587	10.9	1
01.01.2010 01:01:59.396 GMT+0300	0.88608	0.88588	1	5
01.01.2010 01:01:59.686 GMT+0300	0.88609	0.88589	1.6	19.8
01.01.2010 01:01:59.866 GMT+0300	0.88609	0.88589	7.2	4.2
01.01.2010 01:02:03.066 GMT+0300	0.88627	0.88607	2.6	2.4
01.01.2010 01:02:03.386 GMT+0300	0.88622	0.88602	1.6	3.4
01.01.2010 01:02:10.365 GMT+0300	0.88623	0.88598	4.3	3.8
01.01.2010 01:02:10.755 GMT+0300	0.88621	0.88596	14.1	3.8
01.01.2010 01:02:20.042 GMT+0300	0.8862	0.88595	3.8	2.6
01.01.2010 01:02:28.640 GMT+0300	0.88619	0.88599	5.1	2.5
01.01.2010 01:02:28.940 GMT+0300	0.88621	0.88601	11.8	2.6
01.01.2010 01:02:29.050 GMT+0300	0.88621	0.88601	15.5	2
01.01.2010 01:02:29.160 GMT+0300	0.88624	0.88599	1.6	3.2
01.01.2010 01:02:29.340 GMT+0300	0.88623	0.88603	6.6	3.8
01.01.2010 01:02:29.450 GMT+0300	0.88623	0.88603	2.6	1
01.01.2010 01:02:33.769 GMT+0300	0.88621	0.88601	1.6	1
01.01.2010 01:02:33.889 GMT+0300	0.8862	0.886	1	2.6
01.01.2010 01:02:34.179 GMT+0300	0.88617	0.88597	1	3.8
01.01.2010 01:02:34.349 GMT+0300	0.88615	0.88595	3.8	9.8
01.01.2010 01:02:35.459 GMT+0300	0.88615	0.88589	1.6	1
01.01.2010 01:03:12.710 GMT+0300	0.8861	0.8859	1	2.7
01.01.2010 01:03:17.851 GMT+0300	0.88613	0.88587	1.6	2.2
01.01.2010 01:03:21.710 GMT+0300	0.88613	0.88587	2.6	7.8
01.01.2010 01:03:22.629 GMT+0300	0.88613	0.88587	2.2	12.2
01.01.2010 01:03:22.689 GMT+0300	0.8861	0.8859	7.7	1.6
01.01.2010 01:03:27.610 GMT+0300	0.8861	0.8859	4	2.4
01.01.2010 01:04:12.455 GMT+0300	0.88602	0.88582	5.2	2.6
01.01.2010 01:04:27.981 GMT+0300	0.88604	0.88584	4.1	3.8
01.01.2010 01:04:28.201 GMT+0300	0.88606	0.88586	3.8	3.8
01.01.2010 01:04:30.401 GMT+0300	0.88609	0.88584	1	4.8
01.01.2010 01:04:30.571 GMT+0300	0.88607	0.88582	2.6	12.9
01.01.2010 01:04:31.711 GMT+0300	0.88607	0.88582	6	1
01.01.2010 01:04:31.890 GMT+0300	0.88603	0.88583	2.6	1.6
01.01.2010 01:04:32.120 GMT+0300	0.88604	0.88584	18.9	2.6
01.01.2010 01:04:32.500 GMT+0300	0.88608	0.88583	6	3.8
01.01.2010 01:04:32.860 GMT+0300	0.88604	0.88584	2.6	6.2
01.01.2010 01:04:33.610 GMT+0300	0.88606	0.88581	1.8	4.4
01.01.2010 01:04:35.800 GMT+0300	0.88605	0.88585	1.6	8.2
01.01.2010 01:04:36.539 GMT+0300	0.88606	0.88581	2.6	5
01.01.2010 01:04:37.529 GMT+0300	0.88607	0.88582	14	1.6
01.01.2010 01:04:40.128 GMT+0300	0.88606	0.88581	8.9	2.6
01.01.2010 01:04:41.118 GMT+0300	0.88607	0.88582	3.7	1
01.01.2010 01:04:42.158 GMT+0300	0.88608	0.88583	1	2.4
01.01.2010 01:04:48.616 GMT+0300	0.88607	0.88587	2.6	3.8
01.01.2010 01:04:48.726 GMT+0300	0.88609	0.88589	3.4	1.6
01.01.2010 01:04:51.006 GMT+0300	0.88609	0.88589	1	2.3
01.01.2010 01:05:07.004 GMT+0300	0.8861	0.8859	13.7	2.2
01.01.2010 01:05:12.162 GMT+0300	0.8861	0.8859	1.6	7.4
01.01.2010 01:05:12.512 GMT+0300	0.8861	0.8859	2.9	1.6
01.01.2010 01:05:13.442 GMT+0300	0.88613	0.88587	1	1.6
01.01.2010 01:05:13.782 GMT+0300	0.88613	0.88587	9.2	1
01.01.2010 01:05:14.132 GMT+0300	0.8861	0.8859	2.4	1
01.01.2010 01:05:21.100 GMT+0300	0.8861	0.8859	1	2.4
01.01.2010 01:05:21.210 GMT+0300	0.8861	0.8859	2.9	1
01.01.2010 01:05:21.370 GMT+0300	0.88607	0.88593	1	2.2
01.01.2010 01:05:21.470 GMT+0300	0.8861	0.8859	3.8	3.8
01.01.2010 01:05:21.580 GMT+0300	0.8861	0.8859	2.6	1
01.01.2010 01:05:24.879 GMT+0300	0.8861	0.8859	1.6	5
01.01.2010 01:05:24.999 GMT+0300	0.8861	0.8859	2.8	3.8
01.01.2010 01:05:26.199 GMT+0300	0.8861	0.8859	1.6	1
01.01.2010 01:05:26.549 GMT+0300	0.8861	0.8859	1	2.4
01.01.2010 01:05:28.768 GMT+0300	0.8861	0.8859	1	1.6
01.01.2010 01:05:42.695 GMT+0300	0.8861	0.8859	1.6	12.6
01.01.2010 01:05:45.115 GMT+0300	0.8861	0.8859	15.3	3.8
01.01.2010 01:05:54.242 GMT+0300	0.8861	0.8859	9.3	1
01.01.2010 01:05:57.411 GMT+0300	0.8861	0.8859	1.6	1
01.01.2010 01:05:59.371 GMT+0300	0.8861	0.8859	4.3	3.8
01.01.2010 01:06:03.534 GMT+0300	0.88618	0.88598	1.6	3.8
01.01.2010 01:06:05.833 GMT+0300	0.88617	0.88597	1.6	2.2
01.01.2010 01:06:06.223 GMT+0300	0.88614	0.88594	2.6	5.1
01.01.2010 01:06:06.453 GMT+0300	0.88614	0.88594	1	1
01.01.2010 01:06:06.573 GMT+0300	0.88614	0.88594	1	2.4
01.01.2010 01:06:08.433 GMT+0300	0.88614	0.88594	2.6	8.5
01.01.2010 01:06:08.773 GMT+0300	0.88615	0.88595	2.4	1
01.01.2010 01:06:09.133 GMT+0300	0.88616	0.88596	2.9	3.8
01.01.2010 01:06:09.712 GMT+0300	0.88616	0.88596	4.2	2
01.01.2010 01:06:10.572 GMT+0300	0.88617	0.88597	1.6	1
01.01.2010 01:06:10.692 GMT+0300	0.88616	0.88596	9.3	8.2
01.01.2010 01:06:10.752 GMT+0300	0.88616	0.88596	1	1
01.01.2010 01:06:10.872 GMT+0300	0.88618	0.88593	14.1	3.8
01.01.2010 01:06:16.501 GMT+0300	0.88616	0.88596	5.7	1
01.01.2010 01:06:16.621 GMT+0300	0.88617	0.88597	1.6	1.8
01.01.2010 01:06:16.791 GMT+0300	0.88616	0.88596	9.3	8.4
01.01.2010 01:06:16.851 GMT+0300	0.88616	0.88596	1.6	9
01.01.2010 01:06:17.021 GMT+0300	0.88617	0.88592	1	2.6
01.01.2010 01:06:18.290 GMT+0300	0.88616	0.88591	2.6	8.6
01.01.2010 01:06:18.920 GMT+0300	0.88617	0.88592	8.9	2.5
01.01.2010 01:06:19.260 GMT+0300	0.88618	0.88593	10.8	5
01.01.2010 01:06:19.640 GMT+0300	0.88616	0.88596	6.4	2.2
01.01.2010 01:06:20.340 GMT+0300	0.88615	0.88595	8.1	1
01.01.2010 01:06:20.790 GMT+0300	0.88616	0.88596	8	6
01.01.2010 01:06:20.959 GMT+0300	0.88615	0.88595	1	2.4
01.01.2010 01:06:21.020 GMT+0300	0.88615	0.88595	1.6	1.9
01.01.2010 01:06:21.080 GMT+0300	0.88612	0.88597	2.2	2.2
01.01.2010 01:06:21.260 GMT+0300	0.88616	0.88596	10.2	1
01.01.2010 01:06:39.925 GMT+0300	0.88616	0.88596	1	2.4
01.01.2010 01:06:40.095 GMT+0300	0.88615	0.88595	1.3	1.6
01.01.2010 01:06:40.155 GMT+0300	0.88611	0.88596	3.5	3.8
01.01.2010 01:06:40.425 GMT+0300	0.88614	0.88594	7.3	3.8
01.01.2010 01:06:41.905 GMT+0300	0.88614	0.88594	3.8	9.8
01.01.2010 01:06:42.015 GMT+0300	0.88614	0.88594	2.6	5
01.01.2010 01:06:42.194 GMT+0300	0.88614	0.88594	2.6	1
01.01.2010 01:06:42.365 GMT+0300	0.88612	0.88592	1	3.8
01.01.2010 01:06:42.485 GMT+0300	0.88611	0.88591	1.6	1
01.01.2010 01:07:13.485 GMT+0300	0.8861	0.8859	2.9	1
01.01.2010 01:07:22.125 GMT+0300	0.88613	0.88587	7.2	3.8
01.01.2010 01:07:23.993 GMT+0300	0.8861	0.8859	2.6	4.6
01.01.2010 01:07:24.342 GMT+0300	0.8861	0.8859	3.8	4.1
01.01.2010 01:07:24.573 GMT+0300	0.8861	0.8859	1	3.8
01.01.2010 01:07:28.941 GMT+0300	0.8861	0.8859	1.6	1
01.01.2010 01:07:29.291 GMT+0300	0.8861	0.8859	1.6	1
01.01.2010 01:07:29.651 GMT+0300	0.8861	0.8859	9.3	3.9
01.01.2010 01:07:29.821 GMT+0300	0.8861	0.8859	1.6	2.2
01.01.2010 01:07:29.941 GMT+0300	0.8861	0.8859	1.9	2.5
01.01.2010 01:07:30.121 GMT+0300	0.8861	0.8859	2.9	1.6
01.01.2010 01:07:30.231 GMT+0300	0.8861	0.8859	1.6	3.8
01.01.2010 01:07:30.411 GMT+0300	0.88613	0.88587	5.8	3.8
01.01.2010 01:07:30.571 GMT+0300	0.8861	0.8859	12.9	3.8
01.01.2010 01:07:33.900 GMT+0300	0.8861	0.8859	3.8	1
01.01.2010 01:07:34.290 GMT+0300	0.8861	0.8859	4.3	2.4
01.01.2010 01:07:42.166 GMT+0300	0.88613	0.88587	1.6	1
01.01.2010 01:07:44.278 GMT+0300	0.88613	0.88587	4.1	3.8
01.01.2010 01:07:49.266 GMT+0300	0.88613	0.88587	3.8	1.6
01.01.2010 01:07:49.606 GMT+0300	0.88613	0.88587	8.9	2.6
01.01.2010 01:07:51.666 GMT+0300	0.8861	0.8859	10.6	1
01.01.2010 01:07:53.925 GMT+0300	0.8861	0.8859	2.6	1
01.01.2010 01:07:54.305 GMT+0300	0.8861	0.8859	2.6	3.9
01.01.2010 01:07:58.694 GMT+0300	0.8861	0.8859	7.8	2.6
01.01.2010 01:07:58.914 GMT+0300	0.8861	0.8859	1	2.2
01.01.2010 01:07:59.314 GMT+0300	0.8861	0.8859	1	1
01.01.2010 01:07:59.654 GMT+0300	0.8861	0.8859	1.6	2.2
01.01.2010 01:08:01.703 GMT+0300	0.8863	0.88604	1.6	1.8
01.01.2010 01:08:01.763 GMT+0300	0.88625	0.886	4.1	13.2
01.01.2010 01:08:02.703 GMT+0300	0.88623	0.88598	3.4	1.6
01.01.2010 01:08:03.583 GMT+0300	0.88621	0.88596	1.6	3.8
01.01.2010 01:08:03.753 GMT+0300	0.88624	0.88599	3.8	3.8
01.01.2010 01:08:05.732 GMT+0300	0.88624	0.88599	2.4	2.6
01.01.2010 01:08:06.722 GMT+0300	0.88624	0.88599	1	5
01.01.2010 01:08:07.432 GMT+0300	0.88622	0.88597	2.6	1
01.01.2010 01:08:07.782 GMT+0300	0.8862	0.88595	2.7	9.9
01.01.2010 01:08:08.072 GMT+0300	0.88618	0.88598	7.8	3.2
01.01.2010 01:08:08.362 GMT+0300	0.88621	0.88601	2.8	3.8
01.01.2010 01:08:12.481 GMT+0300	0.88625	0.886	1	2.6
01.01.2010 01:08:12.771 GMT+0300	0.88622	0.88602	6.2	4.7
01.01.2010 01:08:13.120 GMT+0300	0.88621	0.88601	18.4	2.6
01.01.2010 01:08:13.480 GMT+0300	0.88619	0.88599	10.5	1.6
01.01.2010 01:08:16.200 GMT+0300	0.88623	0.88598	1	1
01.01.2010 01:08:16.369 GMT+0300	0.88623	0.88598	1.6	3.8
01.01.2010 01:08:16.819 GMT+0300	0.88621	0.88601	2.6	1
01.01.2010 01:08:16.880 GMT+0300	0.88621	0.88601	1.6	1
01.01.2010 01:08:19.329 GMT+0300	0.88623	0.88598	1	7
01.01.2010 01:08:19.679 GMT+0300	0.88623	0.88598	2.6	13
01.01.2010 01:08:19.918 GMT+0300	0.88623	0.88603	1.6	2.2
01.01.2010 01:08:20.069 GMT+0300	0.88624	0.88604	15	2.2
01.01.2010 01:08:20.189 GMT+0300	0.88623	0.88608	1	1.6
01.01.2010 01:08:20.609 GMT+0300	0.88626	0.88606	9.4	3.6
01.01.2010 01:08:22.058 GMT+0300	0.88627	0.88602	3.8	2.6
01.01.2010 01:08:40.854 GMT+0300	0.88629	0.88599	1.2	2.4
01.01.2010 01:08:49.232 GMT+0300	0.88622	0.88602	7.3	3.8
01.01.2010 01:08:49.582 GMT+0300	0.88617	0.88597	1.8	1
01.01.2010 01:08:55.020 GMT+0300	0.88615	0.88595	9.3	3.9
01.01.2010 01:09:05.656 GMT+0300	0.88613	0.88587	9.3	3.8
01.01.2010 01:09:07.376 GMT+0300	0.88613	0.88587	13.3	7.8
01.01.2010 01:09:09.115 GMT+0300	0.8861	0.8859	2.8	1
01.01.2010 01:09:09.505 GMT+0300	0.88613	0.88587	1	5.6
01.01.2010 01:09:29.220 GMT+0300	0.88613	0.88587	8.1	3.8
01.01.2010 01:09:29.570 GMT+0300	0.8861	0.8859	2.4	5
01.01.2010 01:09:41.921 GMT+0300	0.8861	0.8859	7.3	2.6
01.01.2010 01:09:50.367 GMT+0300	0.8861	0.8859	1	2.4
01.01.2010 01:10:00.126 GMT+0300	0.88627	0.88607	12.4	1.6
01.01.2010 01:10:11.113 GMT+0300	0.88626	0.88601	7	2.6
01.01.2010 01:10:11.283 GMT+0300	0.88626	0.88601	1.6	8.2
01.01.2010 01:10:12.483 GMT+0300	0.88626	0.88601	3.8	3.4
01.01.2010 01:10:12.813 GMT+0300	0.88624	0.88599	4.3	2.4
01.01.2010 01:10:13.762 GMT+0300	0.88622	0.88597	1	1.6
01.01.2010 01:10:13.982 GMT+0300	0.88619	0.88594	2.6	12.8
01.01.2010 01:10:14.152 GMT+0300	0.88618	0.88593	1	9.7
01.01.2010 01:10:14.392 GMT+0300	0.88617	0.88592	1.6	2.2
01.01.2010 01:10:14.742 GMT+0300	0.88617	0.88592	3.8	3.8
01.01.2010 01:10:15.032 GMT+0300	0.88618	0.88593	2.6	5
01.01.2010 01:10:15.312 GMT+0300	0.88617	0.88592	1.6	1
01.01.2010 01:10:15.612 GMT+0300	0.88617	0.88592	1.6	1
01.01.2010 01:10:15.772 GMT+0300	0.88619	0.88594	1	3.8
01.01.2010 01:10:15.882 GMT+0300	0.88618	0.88598	7.2	2.6
01.01.2010 01:10:42.555 GMT+0300	0.88617	0.88597	1	2.4
01.01.2010 01:10:42.835 GMT+0300	0.88622	0.88592	1.6	8.2
01.01.2010 01:10:43.305 GMT+0300	0.88618	0.88593	2	2
01.01.2010 01:10:45.495 GMT+0300	0.88616	0.88591	2.6	1.2
01.01.2010 01:10:45.555 GMT+0300	0.88615	0.88589	1.6	3.2
01.01.2010 01:11:12.276 GMT+0300	0.88613	0.88587	6	1.6
01.01.2010 01:11:49.398 GMT+0300	0.88613	0.88587	3.8	1
01.01.2010 01:12:11.620 GMT+0300	0.88605	0.88579	6.5	3.8
01.01.2010 01:12:11.670 GMT+0300	0.88605	0.8858	2.7	1
01.01.2010 01:12:11.730 GMT+0300	0.88602	0.88582	18.9	2.6
01.01.2010 01:12:12.910 GMT+0300	0.88604	0.88584	4	3.8
01.01.2010 01:12:13.209 GMT+0300	0.88604	0.88584	2.4	1
01.01.2010 01:12:13.550 GMT+0300	0.88608	0.88583	4.2	1
01.01.2010 01:12:15.719 GMT+0300	0.88608	0.88583	1	2.4
01.01.2010 01:12:18.908 GMT+0300	0.88607	0.88582	6.6	3.8
01.01.2010 01:12:26.557 GMT+0300	0.88608	0.88583	2.6	10.2
01.01.2010 01:12:27.636 GMT+0300	0.88612	0.88582	1.6	1
01.01.2010 01:12:27.686 GMT+0300	0.8861	0.88585	1	2.6
01.01.2010 01:12:27.746 GMT+0300	0.88606	0.88586	1.6	1
01.01.2010 01:12:27.976 GMT+0300	0.88604	0.88584	1	2.4
01.01.2010 01:12:28.086 GMT+0300	0.88602	0.88582	1	2.6
01.01.2010 01:12:29.525 GMT+0300	0.88602	0.88582	1	2.4
01.01.2010 01:12:30.745 GMT+0300	0.88603	0.88583	1.8	2
01.01.2010 01:12:30.975 GMT+0300	0.88608	0.88583	9.2	1
01.01.2010 01:12:31.095 GMT+0300	0.88606	0.88586	8.9	3.8
01.01.2010 01:12:31.146 GMT+0300	0.88609	0.88584	1	2.4
01.01.2010 01:12:31.265 GMT+0300	0.8861	0.88585	3.8	5.1
01.01.2010 01:12:57.859 GMT+0300	0.88611	0.88585	6.1	1
01.01.2010 01:13:17.429 GMT+0300	0.88613	0.88587	3.8	7.4
01.01.2010 01:13:17.489 GMT+0300	0.88611	0.88586	1	2.6
01.01.2010 01:13:17.709 GMT+0300	0.88606	0.88586	2.6	8.6
01.01.2010 01:13:21.778 GMT+0300	0.88605	0.88585	3.8	2.6
01.01.2010 01:13:22.928 GMT+0300	0.88604	0.88584	13.6	2.2
01.01.2010 01:13:23.108 GMT+0300	0.88604	0.88584	2.6	1
01.01.2010 01:13:23.288 GMT+0300	0.88607	0.88587	1.6	6
01.01.2010 01:13:23.468 GMT+0300	0.88607	0.88587	2	1
01.01.2010 01:13:31.226 GMT+0300	0.88611	0.88586	2.4	1
01.01.2010 01:13:31.456 GMT+0300	0.8861	0.88585	2.6	1
01.01.2010 01:13:31.516 GMT+0300	0.88609	0.88584	2.2	1.6
01.01.2010 01:13:31.575 GMT+0300	0.88609	0.88584	2.6	6.2
01.01.2010 01:13:31.626 GMT+0300	0.88608	0.88583	1.6	2.6
01.01.2010 01:13:31.686 GMT+0300	0.88606	0.88586	1	1.9
01.01.2010 01:13:31.746 GMT+0300	0.88606	0.88586	10.2	1
01.01.2010 01:13:36.985 GMT+0300	0.88605	0.88585	1	2.6
01.01.2010 01:13:37.104 GMT+0300	0.88604	0.88584	2.8	3.8
01.01.2010 01:13:37.215 GMT+0300	0.88605	0.88585	10.7	3.8
01.01.2010 01:13:47.312 GMT+0300	0.88603	0.88583	1.8	3.8
01.01.2010 01:13:49.271 GMT+0300	0.88602	0.88582	3.8	3.8
01.01.2010 01:14:41.730 GMT+0300	0.88613	0.88587	4	5
01.01.2010 01:14:41.840 GMT+0300	0.88613	0.88587	1	2.6
01.01.2010 01:14:41.950 GMT+0300	0.88613	0.88587	1.9	1
01.01.2010 01:14:44.779 GMT+0300	0.88613	0.88587	1	1
01.01.2010 01:14:45.359 GMT+0300	0.88613	0.88587	7.7	1.6
01.01.2010 01:14:45.589 GMT+0300	0.88613	0.88587	5.1	3.8
01.01.2010 01:14:45.819 GMT+0300	0.8861	0.8859	3.8	5.2
01.01.2010 01:14:46.959 GMT+0300	0.8861	0.8859	1	2.6
01.01.2010 01:14:47.079 GMT+0300	0.8861	0.8859	2.6	1
01.01.2010 01:14:47.139 GMT+0300	0.8861	0.8859	2.6	1
01.01.2010 01:14:47.189 GMT+0300	0.88608	0.88592	1	5
01.01.2010 01:15:29.006 GMT+0300	0.88613	0.88587	7.3	2.6
01.01.2010 01:15:29.066 GMT+0300	0.88613	0.88587	1.6	1.8
01.01.2010 01:15:29.176 GMT+0300	0.88613	0.88587	1.8	3.2
01.01.2010 01:15:29.456 GMT+0300	0.8861	0.8859	2	2
01.01.2010 01:15:30.386 GMT+0300	0.8861	0.8859	1	3.8
01.01.2010 01:15:32.045 GMT+0300	0.8861	0.8859	2.6	1.2
01.01.2010 01:15:32.155 GMT+0300	0.8861	0.8859	6.1	4.6
01.01.2010 01:15:33.885 GMT+0300	0.88613	0.88587	1.6	1
01.01.2010 01:15:34.055 GMT+0300	0.88613	0.88587	1	1.6
01.01.2010 01:15:34.165 GMT+0300	0.88613	0.88587	2.4	1
01.01.2010 01:15:34.335 GMT+0300	0.8861	0.8859	1	1
01.01.2010 01:15:34.505 GMT+0300	0.8861	0.8859	2.6	5.3
01.01.2010 01:15:36.624 GMT+0300	0.88613	0.88587	2.4	1.6
01.01.2010 01:15:36.804 GMT+0300	0.88613	0.88587	9.3	3.8
01.01.2010 01:15:36.864 GMT+0300	0.88613	0.88587	10.5	2.6
01.01.2010 01:15:36.924 GMT+0300	0.88613	0.88587	1	2.6
01.01.2010 01:15:52.080 GMT+0300	0.8861	0.8859	17.3	3.8
01.01.2010 01:15:54.000 GMT+0300	0.8861	0.8859	4.6	3.8
01.01.2010 01:16:31.350 GMT+0300	0.88625	0.88605	11.1	2.6
01.01.2010 01:16:51.006 GMT+0300	0.88619	0.88599	2.6	3.8
01.01.2010 01:16:52.835 GMT+0300	0.88615	0.88595	1.6	1
01.01.2010 01:16:52.955 GMT+0300	0.88615	0.88589	1.6	1
01.01.2010 01:17:34.223 GMT+0300	0.88613	0.88587	1.6	1
01.01.2010 01:17:51.041 GMT+0300	0.88613	0.88587	1.6	1
01.01.2010 01:17:56.367 GMT+0300	0.88613	0.88587	2.6	7.8
01.01.2010 01:17:56.717 GMT+0300	0.88613	0.88587	14.9	2.2
01.01.2010 01:17:56.937 GMT+0300	0.88613	0.88587	2.6	3.8
01.01.2010 01:17:57.057 GMT+0300	0.8861	0.8859	7.3	3.8
01.01.2010 01:18:06.078 GMT+0300	0.886	0.8858	10.2	1
01.01.2010 01:18:06.198 GMT+0300	0.88602	0.88582	1.6	1
01.01.2010 01:18:06.257 GMT+0300	0.88602	0.88582	1	2.4
01.01.2010 01:18:06.427 GMT+0300	0.88604	0.88584	2.6	3.2
01.01.2010 01:18:06.488 GMT+0300	0.88606	0.88586	6.6	3.9
01.01.2010 01:18:08.517 GMT+0300	0.88607	0.88587	2	1.6
01.01.2010 01:18:11.516 GMT+0300	0.88608	0.88588	12.8	3.8
01.01.2010 01:18:11.686 GMT+0300	0.88608	0.88588	1.2	1.6
01.01.2010 01:18:11.747 GMT+0300	0.88607	0.88587	1	2.6
01.01.2010 01:18:12.387 GMT+0300	0.88606	0.88586	1	10.4
01.01.2010 01:18:13.666 GMT+0300	0.88607	0.88587	2.6	4.6
01.01.2010 01:18:14.056 GMT+0300	0.88606	0.88586	2.9	3.8
01.01.2010 01:18:21.294 GMT+0300	0.88606	0.88586	1	5.1
01.01.2010 01:18:22.474 GMT+0300	0.88607	0.88587	2.6	8.2
01.01.2010 01:18:32.932 GMT+0300	0.88607	0.88587	2.6	4.6
01.01.2010 01:18:33.801 GMT+0300	0.88609	0.88589	7.8	3.8
01.01.2010 01:18:38.340 GMT+0300	0.88607	0.88587	11.8	1
01.01.2010 01:18:39.220 GMT+0300	0.88609	0.88584	1.6	1
01.01.2010 01:18:39.540 GMT+0300	0.88605	0.88585	2.6	13
01.01.2010 01:18:39.880 GMT+0300	0.88605	0.88585	15.2	3.8
01.01.2010 01:18:40.220 GMT+0300	0.88607	0.88587	1	2.8
01.01.2010 01:18:44.929 GMT+0300	0.88608	0.88588	2.6	8.1
01.01.2010 01:18:50.937 GMT+0300	0.88612	0.88586	2.6	1
01.01.2010 01:19:10.199 GMT+0300	0.8861	0.8859	8.1	2.6
01.01.2010 01:19:23.616 GMT+0300	0.88613	0.88587	1	1
01.01.2010 01:19:31.754 GMT+0300	0.8861	0.8859	8.1	3.8
01.01.2010 01:19:36.623 GMT+0300	0.88613	0.88587	2.6	1
01.01.2010 01:19:36.743 GMT+0300	0.88613	0.88587	5.8	2.8
01.01.2010 01:19:38.013 GMT+0300	0.88613	0.88587	4.5	7
01.01.2010 01:19:38.343 GMT+0300	0.88613	0.88587	7.8	3.8
01.01.2010 01:19:38.992 GMT+0300	0.88613	0.88587	2.6	1
01.01.2010 01:19:39.162 GMT+0300	0.8861	0.8859	7.3	2.6
01.01.2010 01:19:44.191 GMT+0300	0.8861	0.8859	2.2	1
01.01.2010 01:19:58.648 GMT+0300	0.8861	0.8859	1	2
01.01.2010 01:19:59.457 GMT+0300	0.8861	0.8859	2.9	1
01.01.2010 01:19:59.807 GMT+0300	0.8861	0.8859	1	2.6
01.01.2010 01:20:01.188 GMT+0300	0.88628	0.88608	1	1.6
01.01.2010 01:20:01.308 GMT+0300	0.88624	0.88604	2.6	5.6
01.01.2010 01:20:02.358 GMT+0300	0.88621	0.88601	7.7	3.8
01.01.2010 01:20:02.588 GMT+0300	0.88618	0.88598	1	18.4
01.01.2010 01:20:03.218 GMT+0300	0.88618	0.88598	2.8	1.6
01.01.2010 01:20:03.508 GMT+0300	0.88617	0.88597	3.8	5.5
01.01.2010 01:20:03.797 GMT+0300	0.88619	0.88599	7.3	8.6
01.01.2010 01:20:04.037 GMT+0300	0.88622	0.88602	17.3	3.7
01.01.2010 01:20:04.327 GMT+0300	0.88623	0.88603	2.4	1.6
01.01.2010 01:20:04.567 GMT+0300	0.88623	0.88603	9.3	3.3
01.01.2010 01:20:04.857 GMT+0300	0.88623	0.88603	6	3.8
01.01.2010 01:20:05.157 GMT+0300	0.88621	0.88601	2.7	10.1
01.01.2010 01:20:05.447 GMT+0300	0.8862	0.886	5.4	1
01.01.2010 01:20:05.737 GMT+0300	0.88618	0.88598	10.4	1.6
01.01.2010 01:20:05.797 GMT+0300	0.8862	0.886	1	2.6
01.01.2010 01:20:06.656 GMT+0300	0.88622	0.88602	2.6	6.7
01.01.2010 01:20:06.777 GMT+0300	0.88623	0.88603	1	1
01.01.2010 01:20:08.026 GMT+0300	0.88623	0.88603	7.4	1
01.01.2010 01:20:08.556 GMT+0300	0.88623	0.88603	4.1	9.5
01.01.2010 01:20:08.726 GMT+0300	0.88621	0.88601	1	2.4
01.01.2010 01:20:09.066 GMT+0300	0.8862	0.886	1	2.4
01.01.2010 01:20:12.505 GMT+0300	0.88621	0.88596	6	1.6
01.01.2010 01:20:12.615 GMT+0300	0.88621	0.88596	15.2	3.8
01.01.2010 01:20:12.725 GMT+0300	0.88619	0.88599	2.6	1
01.01.2010 01:20:13.065 GMT+0300	0.88618	0.88598	7.7	4.6
01.01.2010 01:20:13.225 GMT+0300	0.88617	0.88597	1	1
01.01.2010 01:20:18.464 GMT+0300	0.88616	0.88596	6.1	4.6
01.01.2010 01:20:19.044 GMT+0300	0.88615	0.88595	1.2	2.2
01.01.2010 01:20:19.454 GMT+0300	0.88615	0.88595	1	2.6
01.01.2010 01:20:27.982 GMT+0300	0.88619	0.88594	8.8	5
01.01.2010 01:20:28.161 GMT+0300	0.88618	0.88598	1.6	4.2
01.01.2010 01:20:28.861 GMT+0300	0.88621	0.88596	1.6	1
01.01.2010 01:20:29.191 GMT+0300	0.88618	0.88598	1.6	3.2
01.01.2010 01:20:31.211 GMT+0300	0.8862	0.88595	2.6	1.6
01.01.2010 01:20:32.760 GMT+0300	0.88621	0.88596	10.5	3.8
01.01.2010 01:20:32.870 GMT+0300	0.88622	0.88597	5.1	2.5
01.01.2010 01:20:32.990 GMT+0300	0.88624	0.88599	5.4	2.8
01.01.2010 01:20:33.110 GMT+0300	0.88622	0.88602	2.6	1
01.01.2010 01:20:33.290 GMT+0300	0.8862	0.886	5.4	4.2
01.01.2010 01:20:37.719 GMT+0300	0.88618	0.88598	6.6	3.8
01.01.2010 01:20:37.939 GMT+0300	0.88617	0.88597	11.1	2.6
01.01.2010 01:20:38.179 GMT+0300	0.88617	0.88597	1	1
01.01.2010 01:20:38.349 GMT+0300	0.88621	0.88596	1.6	2.2
01.01.2010 01:20:41.698 GMT+0300	0.88621	0.88596	1	5
01.01.2010 01:20:41.998 GMT+0300	0.88621	0.88596	6.6	3.8
01.01.2010 01:20:42.158 GMT+0300	0.88616	0.88596	14.9	3.2
01.01.2010 01:20:42.278 GMT+0300	0.88613	0.88593	2.6	1
01.01.2010 01:21:13.087 GMT+0300	0.88613	0.88587	1	3.6
01.01.2010 01:21:13.197 GMT+0300	0.88613	0.88587	2.6	1
01.01.2010 01:21:14.467 GMT+0300	0.88613	0.88587	2.6	3.8
01.01.2010 01:21:43.938 GMT+0300	0.88613	0.88587	1.6	1
01.01.2010 01:21:54.617 GMT+0300	0.88613	0.88587	1	1
01.01.2010 01:21:54.847 GMT+0300	0.8861	0.8859	1	1
01.01.2010 01:21:59.756 GMT+0300	0.88613	0.88587	1	4.9
01.01.2010 01:21:59.976 GMT+0300	0.8861	0.8859	4	2.6
01.01.2010 01:22:19.245 GMT+0300	0.88653	0.88633	2.6	1
01.01.2010 01:22:20.704 GMT+0300	0.88647	0.88622	6.1	2.4
01.01.2010 01:22:20.934 GMT+0300	0.88641	0.88616	1	1
01.01.2010 01:22:21.285 GMT+0300	0.8864	0.88615	7.3	14.6
01.01.2010 01:22:21.804 GMT+0300	0.88639	0.88614	6	5
01.01.2010 01:22:24.414 GMT+0300	0.88639	0.88614	1.6	1
01.01.2010 01:22:27.573 GMT+0300	0.88637	0.88612	1	3.5
01.01.2010 01:22:28.323 GMT+0300	0.88632	0.88607	2.6	13
01.01.2010 01:22:28.493 GMT+0300	0.88628	0.88603	1	1.6
01.01.2010 01:22:28.663 GMT+0300	0.88627	0.88602	1.2	1.6
01.01.2010 01:22:30.442 GMT+0300	0.88625	0.886	1.6	2.2
01.01.2010 01:22:31.182 GMT+0300	0.88624	0.88599	13.6	1
01.01.2010 01:22:31.242 GMT+0300	0.88626	0.88601	2.6	1.6
01.01.2010 01:22:31.302 GMT+0300	0.88628	0.88603	2.6	2
01.01.2010 01:22:31.481 GMT+0300	0.88629	0.88604	2.6	1
01.01.2010 01:22:31.592 GMT+0300	0.88629	0.88609	1.6	3.2
01.01.2010 01:22:31.651 GMT+0300	0.88632	0.88612	1.6	1
01.01.2010 01:22:31.702 GMT+0300	0.88635	0.88615	2.2	12.2
01.01.2010 01:22:31.762 GMT+0300	0.88637	0.88617	1	1.6
01.01.2010 01:22:31.822 GMT+0300	0.88633	0.88613	1	2.4
01.01.2010 01:22:47.108 GMT+0300	0.88625	0.88605	7.8	1.6
01.01.2010 01:22:50.567 GMT+0300	0.88621	0.88595	4.2	3.8
01.01.2010 01:23:06.651 GMT+0300	0.88613	0.88587	2.2	1
01.01.2010 01:23:09.891 GMT+0300	0.8861	0.8859	7.8	2.4
01.01.2010 01:23:11.250 GMT+0300	0.88613	0.88587	12.9	3.8
01.01.2010 01:23:11.610 GMT+0300	0.8861	0.8859	12	2.6
01.01.2010 01:23:11.850 GMT+0300	0.8861	0.8859	12	1
01.01.2010 01:23:12.070 GMT+0300	0.8861	0.8859	1.2	1
01.01.2010 01:23:12.308 GMT+0300	0.88613	0.88587	10	1
01.01.2010 01:23:12.550 GMT+0300	0.8861	0.8859	2.6	3.2
01.01.2010 01:24:05.562 GMT+0300	0.88623	0.88603	2.6	1
01.01.2010 01:24:05.792 GMT+0300	0.8862	0.88594	9.2	1
01.01.2010 01:25:00.756 GMT+0300	0.88613	0.88587	9.3	3.8
01.01.2010 01:25:01.106 GMT+0300	0.88613	0.88587	5.9	2.4
01.01.2010 01:25:01.156 GMT+0300	0.8861	0.8859	15.7	2.6
01.01.2010 01:25:01.506 GMT+0300	0.8861	0.8859	5.4	2.8
01.01.2010 01:25:01.556 GMT+0300	0.8861	0.8859	9.3	8.4
01.01.2010 01:25:33.848 GMT+0300	0.8861	0.8859	1.2	2.2
01.01.2010 01:25:35.198 GMT+0300	0.8861	0.8859	1.8	2.2
01.01.2010 01:25:46.365 GMT+0300	0.8861	0.8859	2.6	1
01.01.2010 01:25:58.942 GMT+0300	0.88613	0.88587	1	2.4
01.01.2010 01:26:01.647 GMT+0300	0.88617	0.88597	1.6	1
01.01.2010 01:26:07.206 GMT+0300	0.88618	0.88593	10.1	2.4
01.01.2010 01:26:18.823 GMT+0300	0.88614	0.88594	7.7	1.6
01.01.2010 01:26:18.943 GMT+0300	0.88613	0.88593	1	2.6
01.01.2010 01:26:19.063 GMT+0300	0.88614	0.88589	1	2.6
01.01.2010 01:26:19.123 GMT+0300	0.88612	0.88592	11.8	3.8
01.01.2010 01:26:19.243 GMT+0300	0.88613	0.88593	17.3	3.9
01.01.2010 01:26:30.480 GMT+0300	0.88615	0.88595	1	4.9
01.01.2010 01:26:30.860 GMT+0300	0.88616	0.88596	1.6	2.6
01.01.2010 01:26:31.210 GMT+0300	0.88615	0.88595	6.1	1.6
01.01.2010 01:26:31.440 GMT+0300	0.88613	0.88593	10.6	1
01.01.2010 01:26:46.236 GMT+0300	0.88615	0.8859	5.8	3.8
01.01.2010 01:26:48.686 GMT+0300	0.88614	0.88588	1	1.6
01.01.2010 01:27:12.738 GMT+0300	0.88613	0.88587	1	3.8
01.01.2010 01:27:12.968 GMT+0300	0.88613	0.88587	2.6	7.8
01.01.2010 01:27:18.736 GMT+0300	0.8861	0.8859	2.6	1
01.01.2010 01:27:19.426 GMT+0300	0.8861	0.8859	8.9	6.6
01.01.2010 01:27:22.765 GMT+0300	0.88613	0.88587	10.4	1
01.01.2010 01:27:22.815 GMT+0300	0.88613	0.88587	1	1.9
01.01.2010 01:27:22.935 GMT+0300	0.88613	0.88587	4.3	1.6
01.01.2010 01:27:22.995 GMT+0300	0.8861	0.8859	1	1.6
01.01.2010 01:27:23.105 GMT+0300	0.8861	0.8859	1.6	1.6
01.01.2010 01:27:26.685 GMT+0300	0.8861	0.8859	1	4.6
01.01.2010 01:27:37.232 GMT+0300	0.8861	0.8859	9.3	3.8
01.01.2010 01:28:14.510 GMT+0300	0.88629	0.88603	1.6	1
01.01.2010 01:28:16.430 GMT+0300	0.88626	0.88601	2.6	5
01.01.2010 01:28:20.119 GMT+0300	0.88624	0.88599	2.6	11.8
01.01.2010 01:28:24.288 GMT+0300	0.88621	0.88601	5.4	4.2
01.01.2010 01:28:24.858 GMT+0300	0.8862	0.886	2.6	3.9
01.01.2010 01:28:24.968 GMT+0300	0.8862	0.886	5.4	4.2
01.01.2010 01:28:25.628 GMT+0300	0.88623	0.88598	2.2	1
01.01.2010 01:28:25.908 GMT+0300	0.88623	0.88598	2.8	1
01.01.2010 01:28:26.428 GMT+0300	0.88621	0.88596	1.6	1
01.01.2010 01:28:44.743 GMT+0300	0.88618	0.88598	1.6	3.4
01.01.2010 01:28:47.303 GMT+0300	0.88616	0.88596	5.3	4.4
01.01.2010 01:28:52.011 GMT+0300	0.88615	0.88595	2.7	10.1
01.01.2010 01:28:52.361 GMT+0300	0.88615	0.88589	5.1	3.8
01.01.2010 01:29:09.832 GMT+0300	0.88616	0.8859	1.6	8
01.01.2010 01:29:09.952 GMT+0300	0.88618	0.88593	2.5	1.6
01.01.2010 01:29:11.222 GMT+0300	0.88617	0.88597	1	2.4
01.01.2010 01:29:30.907 GMT+0300	0.88617	0.88597	2.4	5.6
01.01.2010 01:29:41.374 GMT+0300	0.88616	0.88596	3.8	2.6
01.01.2010 01:29:44.974 GMT+0300	0.88618	0.88593	2.2	1
01.01.2010 01:29:46.795 GMT+0300	0.88616	0.88596	2.5	1
01.01.2010 01:29:51.022 GMT+0300	0.88619	0.88594	7.7	3.8
01.01.2010 01:29:53.452 GMT+0300	0.88615	0.88595	16.9	2.6
01.01.2010 01:29:53.631 GMT+0300	0.88617	0.88597	9.3	1
01.01.2010 01:29:53.732 GMT+0300	0.88621	0.88601	1.8	1
01.01.2010 01:29:57.091 GMT+0300	0.88625	0.88605	4.2	3.8
01.01.2010 01:30:01.869 GMT+0300	0.88613	0.88587	2.7	1.6
01.01.2010 01:30:02.098 GMT+0300	0.8861	0.8859	1.6	3.2
01.01.2010 01:30:03.538 GMT+0300	0.8861	0.8859	2.6	1
01.01.2010 01:30:03.698 GMT+0300	0.8861	0.8859	1	3.6
01.01.2010 01:30:03.818 GMT+0300	0.88613	0.88587	7.2	3.8
01.01.2010 01:30:03.938 GMT+0300	0.88613	0.88587	1.6	1
01.01.2010 01:30:04.048 GMT+0300	0.88613	0.88587	3.8	1
01.01.2010 01:30:04.168 GMT+0300	0.88613	0.88587	16.9	3.8
01.01.2010 01:30:04.397 GMT+0300	0.8861	0.8859	2.6	1.6
01.01.2010 01:30:04.558 GMT+0300	0.8861	0.8859	2.7	1.6
01.01.2010 01:30:06.037 GMT+0300	0.88613	0.88587	1.6	3
01.01.2010 01:30:06.337 GMT+0300	0.88613	0.88587	1	5.6
01.01.2010 01:30:06.737 GMT+0300	0.8861	0.8859	1	10.4
01.01.2010 01:30:07.347 GMT+0300	0.88613	0.88587	3.8	9.9
01.01.2010 01:30:23.333 GMT+0300	0.88613	0.88587	1	2.6
01.01.2010 01:30:25.603 GMT+0300	0.88613	0.88587	7.8	1.6
01.01.2010 01:30:28.482 GMT+0300	0.88613	0.88587	7.6	3.8
01.01.2010 01:30:33.071 GMT+0300	0.88613	0.88587	3.8	3.8
01.01.2010 01:30:33.231 GMT+0300	0.88613	0.88587	1.6	1
01.01.2010 01:30:34.780 GMT+0300	0.88613	0.88587	9.4	1
01.01.2010 01:30:34.960 GMT+0300	0.88613	0.88587	6.6	3.8
01.01.2010 01:30:35.360 GMT+0300	0.88613	0.88587	1.6	3.8
01.01.2010 01:30:50.727 GMT+0300	0.8861	0.8859	1.6	1
01.01.2010 01:30:51.027 GMT+0300	0.88613	0.88587	1	1.6
01.01.2010 01:31:01.351 GMT+0300	0.88613	0.88587	2.6	4
01.01.2010 01:31:05.950 GMT+0300	0.88613	0.88587	1.6	2.6
01.01.2010 01:31:06.350 GMT+0300	0.88613	0.88587	6.1	1
01.01.2010 01:31:06.650 GMT+0300	0.88613	0.88587	1.6	4.4
01.01.2010 01:31:06.770 GMT+0300	0.88613	0.88587	15.2	2.6
01.01.2010 01:31:06.880 GMT+0300	0.8861	0.8859	1.6	1
01.01.2010 01:31:07.000 GMT+0300	0.8861	0.8859	3.8	9.6
01.01.2010 01:31:07.349 GMT+0300	0.8861	0.8859	5.7	2.8
01.01.2010 01:31:07.689 GMT+0300	0.8861	0.8859	1.6	5
01.01.2010 01:31:16.217 GMT+0300	0.88613	0.88587	1	3.8
01.01.2010 01:31:56.088 GMT+0300	0.88613	0.88587	15	2.2
01.01.2010 01:31:56.208 GMT+0300	0.88613	0.88587	2.6	4.6
01.01.2010 01:31:58.237 GMT+0300	0.88613	0.88587	1.6	1.6
01.01.2010 01:31:58.937 GMT+0300	0.88613	0.88587	12.1	3.8
01.01.2010 01:31:59.047 GMT+0300	0.88613	0.88587	1.3	2.4
01.01.2010 01:32:29.770 GMT+0300	0.88605	0.88579	3.4	1.6
01.01.2010 01:32:30.060 GMT+0300	0.88607	0.88582	3.6	3.6
01.01.2010 01:32:30.290 GMT+0300	0.88606	0.88586	9.4	7.1
01.01.2010 01:32:42.937 GMT+0300	0.88603	0.88583	8.4	2.4
01.01.2010 01:32:43.626 GMT+0300	0.88602	0.88582	7.2	2.6
01.01.2010 01:32:43.746 GMT+0300	0.88601	0.88581	4	1
01.01.2010 01:32:43.806 GMT+0300	0.88602	0.88582	2.9	1
01.01.2010 01:32:43.916 GMT+0300	0.88603	0.88583	1	8.6
01.01.2010 01:32:44.136 GMT+0300	0.88602	0.88582	1.6	2.2
01.01.2010 01:32:44.246 GMT+0300	0.88602	0.88582	2.6	13
01.01.2010 01:32:44.356 GMT+0300	0.88602	0.88582	5.7	2.6
01.01.2010 01:32:44.476 GMT+0300	0.88601	0.88586	6.6	1.8
01.01.2010 01:32:44.586 GMT+0300	0.88602	0.88587	5.8	1
01.01.2010 01:32:44.756 GMT+0300	0.88604	0.88584	1	3.5
01.01.2010 01:32:45.676 GMT+0300	0.88604	0.88584	1	1.6
01.01.2010 01:32:46.006 GMT+0300	0.88605	0.88585	1	1.8
01.01.2010 01:32:46.406 GMT+0300	0.88604	0.88584	1.6	2.2
01.01.2010 01:32:47.205 GMT+0300	0.88604	0.88584	2.6	2.4
01.01.2010 01:32:47.435 GMT+0300	0.88599	0.88584	7.8	3.2
01.01.2010 01:32:47.666 GMT+0300	0.88599	0.88584	2.9	1.6
01.01.2010 01:32:47.885 GMT+0300	0.88602	0.88582	7.2	23
01.01.2010 01:32:55.864 GMT+0300	0.88606	0.88581	2.9	1
01.01.2010 01:32:56.093 GMT+0300	0.88607	0.88582	2.6	5.8
01.01.2010 01:32:56.383 GMT+0300	0.88606	0.88586	2.6	1
01.01.2010 01:32:56.673 GMT+0300	0.88607	0.88587	1	1
01.01.2010 01:32:58.303 GMT+0300	0.88609	0.88589	1	3.2
01.01.2010 01:33:04.804 GMT+0300	0.8861	0.8859	3.8	3.8
01.01.2010 01:33:12.951 GMT+0300	0.8861	0.8859	1	7.9
01.01.2010 01:33:13.282 GMT+0300	0.88608	0.88592	1.6	3.4
01.01.2010 01:33:13.681 GMT+0300	0.8861	0.8859	8.1	3.8
01.01.2010 01:33:13.851 GMT+0300	0.8861	0.8859	1.6	1
01.01.2010 01:33:14.021 GMT+0300	0.8861	0.8859	12.4	1.6
01.01.2010 01:33:14.201 GMT+0300	0.8861	0.8859	15.2	3.8
01.01.2010 01:33:14.371 GMT+0300	0.8861	0.8859	1	8.6
01.01.2010 01:33:14.831 GMT+0300	0.8861	0.8859	2.5	6.8
01.01.2010 01:33:17.091 GMT+0300	0.88613	0.88587	13.3	2.2
01.01.2010 01:33:19.443 GMT+0300	0.88613	0.88587	1	8.6
01.01.2010 01:33:19.670 GMT+0300	0.88613	0.88587	1	5.7
01.01.2010 01:33:20.080 GMT+0300	0.88613	0.88587	1	1.7
01.01.2010 01:33:20.190 GMT+0300	0.88613	0.88587	4	5
01.01.2010 01:33:20.469 GMT+0300	0.88613	0.88587	9.3	3.8
01.01.2010 01:33:23.319 GMT+0300	0.88613	0.88587	7.3	2.6
01.01.2010 01:33:23.779 GMT+0300	0.88613	0.88587	1	1.7
01.01.2010 01:33:23.949 GMT+0300	0.88613	0.88587	2.6	1
01.01.2010 01:33:24.069 GMT+0300	0.88613	0.88587	6.1	3.2
01.01.2010 01:33:24.339 GMT+0300	0.88613	0.88587	15.2	3.8
01.01.2010 01:33:24.519 GMT+0300	0.88613	0.88587	1	2.4
01.01.2010 01:33:24.689 GMT+0300	0.88615	0.88585	11.7	3.8
01.01.2010 01:33:25.279 GMT+0300	0.88613	0.88587	10.6	1.6
01.01.2010 01:33:25.399 GMT+0300	0.88613	0.88587	8	2.6
01.01.2010 01:33:25.568 GMT+0300	0.88613	0.88587	1.6	1
01.01.2010 01:33:25.679 GMT+0300	0.88613	0.88587	1.6	1
01.01.2010 01:33:25.858 GMT+0300	0.8861	0.8859	14	1.6
01.01.2010 01:33:31.387 GMT+0300	0.88613	0.88587	1	2.6
01.01.2010 01:33:31.897 GMT+0300	0.88613	0.88587	7.8	3.2
01.01.2010 01:33:32.597 GMT+0300	0.88613	0.88587	2.6	1
01.01.2010 01:33:39.455 GMT+0300	0.88613	0.88587	9.3	3.8
01.01.2010 01:33:39.635 GMT+0300	0.88613	0.88587	1.8	2
01.01.2010 01:33:40.745 GMT+0300	0.88613	0.88587	2.8	1
01.01.2010 01:33:40.855 GMT+0300	0.88613	0.88587	3.8	3.8
01.01.2010 01:33:41.035 GMT+0300	0.88613	0.88587	2.6	4.4
01.01.2010 01:33:41.265 GMT+0300	0.88613	0.88587	2.6	3.8
01.01.2010 01:33:41.435 GMT+0300	0.88613	0.88587	4.4	2.2
01.01.2010 01:33:45.634 GMT+0300	0.88613	0.88587	10.6	1
01.01.2010 01:33:46.444 GMT+0300	0.88613	0.88587	6.6	3.8
01.01.2010 01:33:46.683 GMT+0300	0.88613	0.88587	7.7	1.6
01.01.2010 01:33:47.013 GMT+0300	0.88613	0.88587	3.8	1
01.01.2010 01:33:47.703 GMT+0300	0.88613	0.88587	1.6	1
01.01.2010 01:33:47.943 GMT+0300	0.88615	0.88585	1	3.9
01.01.2010 01:33:48.403 GMT+0300	0.88613	0.88587	1	6.3
01.01.2010 01:33:49.043 GMT+0300	0.88613	0.88587	7.8	1
01.01.2010 01:33:52.722 GMT+0300	0.88613	0.88587	2.6	1
01.01.2010 01:33:53.642 GMT+0300	0.88613	0.88587	2.6	1.6
01.01.2010 01:33:53.882 GMT+0300	0.88613	0.88587	1	1.6
01.01.2010 01:34:03.143 GMT+0300	0.88605	0.88579	7.7	3.8
01.01.2010 01:34:03.363 GMT+0300	0.88606	0.88581	1	8.7
01.01.2010 01:34:06.523 GMT+0300	0.88607	0.88582	1	7.8
01.01.2010 01:34:06.853 GMT+0300	0.88606	0.88581	7.2	2.6
01.01.2010 01:34:07.213 GMT+0300	0.88607	0.88582	1.6	1
01.01.2010 01:34:07.712 GMT+0300	0.88609	0.88584	1.6	1.8
01.01.2010 01:34:07.892 GMT+0300	0.8861	0.88585	2.6	1
01.01.2010 01:34:08.232 GMT+0300	0.88609	0.88589	7.4	5.1
01.01.2010 01:34:08.512 GMT+0300	0.88609	0.88589	1.6	2.2
01.01.2010 01:34:08.631 GMT+0300	0.88609	0.88589	11.3	2.6
01.01.2010 01:34:09.040 GMT+0300	0.88608	0.88588	2.4	1
01.01.2010 01:34:09.382 GMT+0300	0.88607	0.88587	1.6	8
01.01.2010 01:34:09.732 GMT+0300	0.88606	0.88586	1	3.7
01.01.2010 01:34:10.182 GMT+0300	0.88604	0.88584	2.6	3.2
01.01.2010 01:34:10.361 GMT+0300	0.88606	0.88581	2.6	9
01.01.2010 01:34:10.652 GMT+0300	0.88607	0.88582	1	1.8
01.01.2010 01:34:10.762 GMT+0300	0.88607	0.88582	1.6	2.2
01.01.2010 01:34:11.112 GMT+0300	0.88607	0.88582	3.8	2.7
01.01.2010 01:34:11.471 GMT+0300	0.88608	0.88583	7.8	2.6
01.01.2010 01:34:13.131 GMT+0300	0.88609	0.88584	2.6	3.8
01.01.2010 01:34:13.481 GMT+0300	0.88609	0.88584	1	1.8
01.01.2010 01:34:13.711 GMT+0300	0.88607	0.88582	1.6	1
01.01.2010 01:34:22.919 GMT+0300	0.88608	0.88583	7.3	7.4
01.01.2010 01:34:23.339 GMT+0300	0.88608	0.88583	6.1	2.4
01.01.2010 01:34:24.268 GMT+0300	0.88607	0.88582	9	2.3
01.01.2010 01:34:24.498 GMT+0300	0.88607	0.88582	2.6	1.6
01.01.2010 01:34:24.678 GMT+0300	0.88607	0.88582	8.9	7.2
01.01.2010 01:34:25.188 GMT+0300	0.88609	0.88584	13.7	1
01.01.2010 01:34:25.588 GMT+0300	0.88608	0.88583	10	6.6
01.01.2010 01:34:26.967 GMT+0300	0.88609	0.88584	5.7	2.8
01.01.2010 01:34:35.506 GMT+0300	0.88609	0.88584	8.8	3.8
01.01.2010 01:34:35.676 GMT+0300	0.8861	0.88585	10.5	1.6
01.01.2010 01:34:35.846 GMT+0300	0.88609	0.88584	2.6	8.5
01.01.2010 01:34:39.394 GMT+0300	0.88608	0.88583	2.6	3.2
01.01.2010 01:34:39.744 GMT+0300	0.88607	0.88582	1	1.6
01.01.2010 01:34:39.975 GMT+0300	0.88608	0.88583	1	1
01.01.2010 01:34:40.264 GMT+0300	0.88607	0.88582	1.6	1
01.01.2010 01:34:46.003 GMT+0300	0.88607	0.88582	2.6	14.2
01.01.2010 01:34:47.013 GMT+0300	0.88609	0.88584	2.2	1.6
01.01.2010 01:34:47.183 GMT+0300	0.88607	0.88582	1.6	3.2
01.01.2010 01:34:47.343 GMT+0300	0.88606	0.88581	6.1	2.4
01.01.2010 01:34:49.442 GMT+0300	0.88605	0.8858	1.6	5
01.01.2010 01:34:49.732 GMT+0300	0.88606	0.88581	8.9	6.6
01.01.2010 01:34:49.852 GMT+0300	0.88606	0.88581	2.6	1
01.01.2010 01:34:50.132 GMT+0300	0.88607	0.88582	1	9.8
01.01.2010 01:34:50.702 GMT+0300	0.88607	0.88582	2.7	13.1
01.01.2010 01:34:51.322 GMT+0300	0.88607	0.88582	9.3	3.8
01.01.2010 01:34:51.602 GMT+0300	0.88607	0.88582	2.4	2.2
01.01.2010 01:34:53.501 GMT+0300	0.88604	0.88584	8.8	3.8
01.01.2010 01:34:53.611 GMT+0300	0.88606	0.88581	2.5	3.2
01.01.2010 01:34:54.321 GMT+0300	0.88606	0.88581	7.8	3.8
01.01.2010 01:34:55.241 GMT+0300	0.88607	0.88582	1.6	1
01.01.2010 01:34:55.631 GMT+0300	0.88609	0.88584	10.5	7.8
01.01.2010 01:34:55.800 GMT+0300	0.88609	0.88584	1.6	1
01.01.2010 01:34:55.971 GMT+0300	0.8861	0.88585	3.8	3.8
01.01.2010 01:34:56.250 GMT+0300	0.88612	0.88586	1	1
01.01.2010 01:35:10.453 GMT+0300	0.88613	0.88587	2.4	2.6
01.01.2010 01:35:10.783 GMT+0300	0.88613	0.88587	2.6	10
01.01.2010 01:35:17.841 GMT+0300	0.88613	0.88587	2.6	1
01.01.2010 01:35:18.071 GMT+0300	0.88613	0.88587	1	4.6
01.01.2010 01:35:18.351 GMT+0300	0.8861	0.8859	1.6	1
01.01.2010 01:35:18.511 GMT+0300	0.8861	0.8859	7.7	1.6
01.01.2010 01:35:30.148 GMT+0300	0.8861	0.8859	1	8.6
01.01.2010 01:35:31.118 GMT+0300	0.8861	0.8859	1.6	1
01.01.2010 01:35:31.468 GMT+0300	0.8861	0.8859	2.6	7.8
01.01.2010 01:35:31.848 GMT+0300	0.88613	0.88587	1	2.8
01.01.2010 01:36:12.408 GMT+0300	0.88599	0.88585	1.8	2
01.01.2010 01:36:34.753 GMT+0300	0.88604	0.88584	2.2	1
01.01.2010 01:36:40.391 GMT+0300	0.88609	0.88584	2.6	3.8
01.01.2010 01:36:41.617 GMT+0300	0.88608	0.88588	6.6	5.2
01.01.2010 01:37:12.018 GMT+0300	0.88613	0.88587	2.6	12.2
01.01.2010 01:37:34.513 GMT+0300	0.8861	0.8859	1	3.6
01.01.2010 01:37:51.589 GMT+0300	0.88613	0.88587	1	8
01.01.2010 01:37:51.828 GMT+0300	0.88613	0.88587	1.6	1.1
01.01.2010 01:38:06.437 GMT+0300	0.88603	0.88577	1	2
01.01.2010 01:38:10.530 GMT+0300	0.88605	0.8858	1.6	2.6
01.01.2010 01:38:58.634 GMT+0300	0.88605	0.88585	1	1
01.01.2010 01:38:58.814 GMT+0300	0.88607	0.88587	5.4	3.8
01.01.2010 01:39:18.633 GMT+0300	0.8861	0.8859	1	3.2
01.01.2010 01:39:18.743 GMT+0300	0.8861	0.8859	1.6	3.8
01.01.2010 01:39:42.158 GMT+0300	0.8861	0.8859	1	2.6
01.01.2010 01:39:49.916 GMT+0300	0.8861	0.8859	5.8	1
01.01.2010 01:39:51.436 GMT+0300	0.8861	0.8859	1.6	4.4
01.01.2010 01:39:51.665 GMT+0300	0.8861	0.8859	2.4	3.4
01.01.2010 01:39:54.745 GMT+0300	0.88613	0.88587	2.6	1
01.01.2010 01:39:54.805 GMT+0300	0.88613	0.88587	1	1.7
01.01.2010 01:39:54.965 GMT+0300	0.8861	0.8859	1	1
01.01.2010 01:39:56.824 GMT+0300	0.8861	0.8859	5.4	1
01.01.2010 01:39:57.064 GMT+0300	0.8861	0.8859	1	3.8
01.01.2010 01:39:57.354 GMT+0300	0.88613	0.88587	1.8	1
01.01.2010 01:40:22.458 GMT+0300	0.88606	0.8858	3.8	1
01.01.2010 01:40:22.848 GMT+0300	0.88609	0.88584	10.6	1
01.01.2010 01:40:23.138 GMT+0300	0.88609	0.88584	7.2	2.6
01.01.2010 01:40:28.796 GMT+0300	0.88607	0.88582	1.6	3.8
01.01.2010 01:40:28.916 GMT+0300	0.88607	0.88582	1.6	8.2
01.01.2010 01:40:29.036 GMT+0300	0.88607	0.88582	2.6	1
01.01.2010 01:40:52.791 GMT+0300	0.88609	0.88584	15.1	2.5
01.01.2010 01:40:59.189 GMT+0300	0.8861	0.88585	6.4	1
01.01.2010 01:40:59.309 GMT+0300	0.88612	0.88586	7.3	14.6
01.01.2010 01:41:28.075 GMT+0300	0.88613	0.88587	1	1.6
01.01.2010 01:41:58.428 GMT+0300	0.88613	0.88587	3.8	1
01.01.2010 01:41:58.958 GMT+0300	0.88613	0.88587	6	1
01.01.2010 01:42:48.610 GMT+0300	0.88613	0.88587	18.5	2.6
01.01.2010 01:43:01.472 GMT+0300	0.88613	0.88587	2.7	1
01.01.2010 01:43:02.461 GMT+0300	0.88613	0.88587	10.5	2.6
01.01.2010 01:43:02.811 GMT+0300	0.8861	0.8859	1	2.2
01.01.2010 01:43:03.101 GMT+0300	0.8861	0.8859	1	5.1
01.01.2010 01:43:07.750 GMT+0300	0.88613	0.88587	10.8	3.8
01.01.2010 01:43:08.100 GMT+0300	0.88613	0.88587	9.3	1
01.01.2010 01:43:12.109 GMT+0300	0.88613	0.88587	2.6	1.6
01.01.2010 01:43:39.432 GMT+0300	0.8861	0.8859	15.3	2.6
01.01.2010 01:43:46.561 GMT+0300	0.8861	0.8859	10	1
01.01.2010 01:43:46.921 GMT+0300	0.88613	0.88587	1.6	3.8
01.01.2010 01:44:34.642 GMT+0300	0.88619	0.88599	7.1	3.6
01.01.2010 01:44:34.762 GMT+0300	0.8862	0.88595	9.3	8
01.01.2010 01:44:35.032 GMT+0300	0.8862	0.88595	2.6	1.6
01.01.2010 01:44:35.202 GMT+0300	0.88619	0.88594	2.2	1.6
01.01.2010 01:44:37.981 GMT+0300	0.88619	0.88594	7.3	2.6
01.01.2010 01:44:38.371 GMT+0300	0.88619	0.88594	1.6	1
01.01.2010 01:44:38.861 GMT+0300	0.88619	0.88594	1.6	1
01.01.2010 01:44:43.150 GMT+0300	0.88619	0.88594	1	2.4
01.01.2010 01:44:43.840 GMT+0300	0.88619	0.88594	6.6	3.8
01.01.2010 01:44:44.360 GMT+0300	0.88619	0.88594	4.1	3.8
01.01.2010 01:44:44.480 GMT+0300	0.88619	0.88594	2.6	9.8
01.01.2010 01:44:44.640 GMT+0300	0.88619	0.88594	2.6	1.6
01.01.2010 01:44:46.199 GMT+0300	0.88616	0.88596	6.1	3.8
01.01.2010 01:44:46.549 GMT+0300	0.88615	0.88595	2.2	1.6
01.01.2010 01:44:46.899 GMT+0300	0.88619	0.88594	1.6	3.4
01.01.2010 01:44:50.928 GMT+0300	0.8862	0.88595	2.6	9
01.01.2010 01:44:52.888 GMT+0300	0.88618	0.88598	1	1.6
01.01.2010 01:44:53.247 GMT+0300	0.88619	0.88599	13.7	3.8
01.01.2010 01:44:53.817 GMT+0300	0.88615	0.886	7.2	2.6
01.01.2010 01:44:54.207 GMT+0300	0.88611	0.88601	19.2	2.6
01.01.2010 01:44:54.317 GMT+0300	0.88608	0.88598	7.6	1
01.01.2010 01:44:54.427 GMT+0300	0.88609	0.88595	6.8	4.2
01.01.2010 01:45:00.504 GMT+0300	0.88609	0.88595	2.6	2.4
01.01.2010 01:45:06.392 GMT+0300	0.88612	0.88597	5.5	3.9
01.01.2010 01:45:08.222 GMT+0300	0.88614	0.88599	10	1
01.01.2010 01:45:09.451 GMT+0300	0.8862	0.886	1	7.1
01.01.2010 01:45:09.632 GMT+0300	0.88619	0.88604	3.8	2.6
01.01.2010 01:45:09.812 GMT+0300	0.88618	0.88603	1.6	1
01.01.2010 01:45:10.391 GMT+0300	0.88617	0.88602	3.8	3.8
01.01.2010 01:45:11.511 GMT+0300	0.88618	0.88603	10.6	3.8
01.01.2010 01:45:11.741 GMT+0300	0.88616	0.88601	2.4	1
01.01.2010 01:45:13.800 GMT+0300	0.88617	0.88597	2.6	1
01.01.2010 01:45:13.851 GMT+0300	0.88613	0.88598	1.6	2.2
01.01.2010 01:45:14.031 GMT+0300	0.88613	0.88598	6.5	1
01.01.2010 01:45:16.710 GMT+0300	0.88612	0.88597	9.4	3.8
01.01.2010 01:45:17.400 GMT+0300	0.88613	0.88598	11.3	2.5
01.01.2010 01:45:17.799 GMT+0300	0.88614	0.88599	1	1
01.01.2010 01:45:18.139 GMT+0300	0.88617	0.88602	15.3	2.6
01.01.2010 01:45:18.319 GMT+0300	0.88617	0.88602	1.6	3.5
01.01.2010 01:45:18.490 GMT+0300	0.88616	0.88601	15	2.2
01.01.2010 01:45:18.669 GMT+0300	0.88614	0.88599	1.6	12.6
01.01.2010 01:45:18.839 GMT+0300	0.88616	0.88601	1.6	1
01.01.2010 01:45:19.019 GMT+0300	0.88616	0.88601	3.8	5.2
01.01.2010 01:45:21.289 GMT+0300	0.88614	0.88599	15.2	3.8
01.01.2010 01:45:22.378 GMT+0300	0.88614	0.88599	2.6	2.4
01.01.2010 01:45:23.068 GMT+0300	0.88613	0.88598	8.8	3.8
01.01.2010 01:45:23.418 GMT+0300	0.88616	0.88596	1	1
01.01.2010 01:45:23.828 GMT+0300	0.88617	0.88597	2	1
01.01.2010 01:45:24.228 GMT+0300	0.88617	0.88597	6.6	3.8
01.01.2010 01:45:32.856 GMT+0300	0.88617	0.88597	2.6	3.8
01.01.2010 01:45:35.475 GMT+0300	0.88617	0.88597	1	6.2
01.01.2010 01:45:35.695 GMT+0300	0.88618	0.88598	2.6	3.8
01.01.2010 01:45:36.495 GMT+0300	0.88619	0.88599	4.1	3.8
01.01.2010 01:45:38.105 GMT+0300	0.88618	0.88598	2.6	5.3
01.01.2010 01:45:38.725 GMT+0300	0.88619	0.88599	7.8	3.2
01.01.2010 01:45:38.844 GMT+0300	0.88621	0.88601	15.2	3.8
01.01.2010 01:45:39.534 GMT+0300	0.88622	0.88602	7.7	3.8
01.01.2010 01:45:39.714 GMT+0300	0.88621	0.88601	1.6	1
01.01.2010 01:45:39.884 GMT+0300	0.88619	0.88599	1	1.6
01.01.2010 01:45:40.064 GMT+0300	0.88621	0.88596	3.8	8.2
01.01.2010 01:45:40.224 GMT+0300	0.88618	0.88598	2.4	1
01.01.2010 01:45:42.024 GMT+0300	0.88618	0.88598	4.2	3.8
01.01.2010 01:45:42.424 GMT+0300	0.88618	0.88598	2.6	3.8
01.01.2010 01:45:42.654 GMT+0300	0.88619	0.88599	1	6.4
01.01.2010 01:45:45.483 GMT+0300	0.88619	0.88599	1	2.6
01.01.2010 01:45:47.702 GMT+0300	0.88619	0.88599	4	3.8
01.01.2010 01:45:48.052 GMT+0300	0.88617	0.88597	10.4	1
01.01.2010 01:45:48.282 GMT+0300	0.88617	0.88597	1	7.4
01.01.2010 01:45:48.392 GMT+0300	0.88616	0.88596	1.6	8.2
01.01.2010 01:45:48.782 GMT+0300	0.88616	0.88596	10.1	3.8
01.01.2010 01:45:51.891 GMT+0300	0.88616	0.88596	1	2.4
01.01.2010 01:45:53.161 GMT+0300	0.88616	0.88596	1.6	3.4
01.01.2010 01:45:53.871 GMT+0300	0.88614	0.88594	1	1.6
01.01.2010 01:45:53.981 GMT+0300	0.88616	0.88596	2.6	1
01.01.2010 01:45:56.150 GMT+0300	0.8862	0.88595	3.8	4.7
01.01.2010 01:45:56.441 GMT+0300	0.88621	0.88596	2.4	1
01.01.2010 01:45:57.490 GMT+0300	0.88622	0.88596	8.9	3.8
01.01.2010 01:46:06.330 GMT+0300	0.88613	0.88587	2.6	3.9
01.01.2010 01:46:06.680 GMT+0300	0.88613	0.88587	2.4	1.6
01.01.2010 01:46:07.030 GMT+0300	0.8861	0.8859	1.6	7
01.01.2010 01:46:10.889 GMT+0300	0.88613	0.88587	1.6	1
01.01.2010 01:46:11.109 GMT+0300	0.88613	0.88587	9.3	2.2
01.01.2010 01:46:11.289 GMT+0300	0.8861	0.8859	14.9	2.2
01.01.2010 01:46:24.256 GMT+0300	0.8861	0.8859	7.7	3.8
01.01.2010 01:46:24.486 GMT+0300	0.8861	0.8859	1.6	3.4
01.01.2010 01:46:24.835 GMT+0300	0.8861	0.8859	2.4	1
01.01.2010 01:46:25.055 GMT+0300	0.8861	0.8859	2.6	1.6
01.01.2010 01:46:25.175 GMT+0300	0.88613	0.88587	3.8	3.8
01.01.2010 01:46:25.286 GMT+0300	0.88613	0.88587	3	5.9
01.01.2010 01:46:25.765 GMT+0300	0.88613	0.88587	3	5.9
01.01.2010 01:46:26.685 GMT+0300	0.88613	0.88587	1.6	1
01.01.2010 01:46:26.855 GMT+0300	0.88613	0.88587	1	3.8
01.01.2010 01:46:30.614 GMT+0300	0.8861	0.8859	6.1	15
01.01.2010 01:46:30.664 GMT+0300	0.8861	0.8859	2.6	7.8
01.01.2010 01:46:31.084 GMT+0300	0.8861	0.8859	4.2	9.2
01.01.2010 01:46:31.204 GMT+0300	0.8861	0.8859	6.6	2.2
01.01.2010 01:46:31.264 GMT+0300	0.88613	0.88587	2.6	4.6
01.01.2010 01:46:32.354 GMT+0300	0.88613	0.88587	5.9	2.4
01.01.2010 01:46:32.824 GMT+0300	0.88613	0.88587	1.6	1
01.01.2010 01:46:36.503 GMT+0300	0.88613	0.88587	11.7	2.2
01.01.2010 01:46:36.673 GMT+0300	0.88613	0.88587	1	3.2
01.01.2010 01:46:40.232 GMT+0300	0.88613	0.88587	15.3	3.8
01.01.2010 01:46:40.402 GMT+0300	0.88613	0.88587	7.4	3.8
01.01.2010 01:46:45.621 GMT+0300	0.88613	0.88587	4.1	1
01.01.2010 01:46:45.801 GMT+0300	0.88613	0.88587	1	2.2
01.01.2010 01:46:45.911 GMT+0300	0.88613	0.88587	11.8	2.4
01.01.2010 01:46:46.080 GMT+0300	0.88613	0.88587	1.2	2.4
01.01.2010 01:46:50.439 GMT+0300	0.88613	0.88587	3	1
01.01.2010 01:46:50.649 GMT+0300	0.88613	0.88587	15.3	3.8
01.01.2010 01:46:50.759 GMT+0300	0.8861	0.8859	2.6	10.5
01.01.2010 01:46:57.098 GMT+0300	0.8861	0.8859	3.8	1
01.01.2010 01:46:57.448 GMT+0300	0.8861	0.8859	2.6	10
01.01.2010 01:46:58.937 GMT+0300	0.8861	0.8859	12	2.6
01.01.2010 01:47:01.329 GMT+0300	0.88615	0.88585	1.6	3.8
01.01.2010 01:47:03.819 GMT+0300	0.88613	0.88587	7.8	1.6
01.01.2010 01:47:04.058 GMT+0300	0.8861	0.8859	6.1	4.6
01.01.2010 01:47:04.298 GMT+0300	0.8861	0.8859	2.6	1
01.01.2010 01:47:07.098 GMT+0300	0.8861	0.8859	7.8	3.2
01.01.2010 01:47:09.237 GMT+0300	0.8861	0.8859	2.6	3.8
01.01.2010 01:47:15.526 GMT+0300	0.8861	0.8859	9.6	1
01.01.2010 01:47:16.126 GMT+0300	0.8861	0.8859	1.6	1
01.01.2010 01:47:34.078 GMT+0300	0.88613	0.88587	2.7	8
01.01.2010 01:47:35.631 GMT+0300	0.8861	0.8859	7.1	3.6
01.01.2010 01:47:35.850 GMT+0300	0.8861	0.8859	2.7	1.6
01.01.2010 01:47:36.371 GMT+0300	0.8861	0.8859	10.9	2.2
01.01.2010 01:47:37.420 GMT+0300	0.8861	0.8859	6.1	1
01.01.2010 01:47:37.590 GMT+0300	0.8861	0.8859	1.6	1
01.01.2010 01:47:37.760 GMT+0300	0.8861	0.8859	8.8	7.2
01.01.2010 01:47:37.940 GMT+0300	0.8861	0.8859	1.8	1
01.01.2010 01:47:38.110 GMT+0300	0.8861	0.8859	7.7	3.8
01.01.2010 01:47:40.920 GMT+0300	0.88613	0.88587	1.8	1
01.01.2010 01:47:41.140 GMT+0300	0.88613	0.88587	9.3	7.2
01.01.2010 01:47:55.076 GMT+0300	0.88613	0.88587	1.6	1
01.01.2010 01:47:55.426 GMT+0300	0.88613	0.88587	1	3.5
01.01.2010 01:47:59.845 GMT+0300	0.88613	0.88587	2.6	1
01.01.2010 01:48:13.892 GMT+0300	0.88631	0.88605	1.6	2.6
01.01.2010 01:48:16.432 GMT+0300	0.88629	0.88604	1	2.4
01.01.2010 01:48:16.712 GMT+0300	0.88623	0.88603	1.6	3.6
01.01.2010 01:48:17.361 GMT+0300	0.88623	0.88603	5.4	9.2
01.01.2010 01:48:49.034 GMT+0300	0.88624	0.88599	2.6	3.8
01.01.2010 01:48:49.494 GMT+0300	0.88623	0.88598	3.8	3.8
01.01.2010 01:48:49.794 GMT+0300	0.88621	0.88596	15.2	3.8
01.01.2010 01:48:49.964 GMT+0300	0.88622	0.88597	1	1.6
01.01.2010 01:48:54.993 GMT+0300	0.8862	0.88595	1.6	1
01.01.2010 01:48:55.222 GMT+0300	0.88617	0.88592	7.8	1
01.01.2010 01:48:55.392 GMT+0300	0.88615	0.88589	11.8	2.6
01.01.2010 01:49:00.883 GMT+0300	0.88613	0.88587	1.6	8.2
01.01.2010 01:49:11.341 GMT+0300	0.8861	0.8859	6.4	1
01.01.2010 01:49:11.451 GMT+0300	0.8861	0.8859	7.3	3.8
01.01.2010 01:49:11.571 GMT+0300	0.8861	0.8859	1	2.4
01.01.2010 01:49:11.691 GMT+0300	0.8861	0.8859	1.6	2.9
01.01.2010 01:49:11.911 GMT+0300	0.88613	0.88587	3.8	1.6
01.01.2010 01:49:12.031 GMT+0300	0.88613	0.88587	2.4	7.2
01.01.2010 01:49:12.141 GMT+0300	0.88613	0.88587	6.6	5.1
01.01.2010 01:49:18.547 GMT+0300	0.88613	0.88587	8.9	7.8
01.01.2010 01:49:22.667 GMT+0300	0.88613	0.88587	2.6	3.9
01.01.2010 01:49:25.207 GMT+0300	0.8861	0.8859	2.4	1
01.01.2010 01:49:25.437 GMT+0300	0.8861	0.8859	1	1
01.01.2010 01:49:25.607 GMT+0300	0.8861	0.8859	1	3.8
01.01.2010 01:49:26.237 GMT+0300	0.8861	0.8859	1	1.6
01.01.2010 01:49:26.537 GMT+0300	0.88613	0.88587	8.9	3.8
01.01.2010 01:49:39.704 GMT+0300	0.88613	0.88587	9.9	1
01.01.2010 01:49:41.143 GMT+0300	0.8861	0.8859	1.9	2.5
01.01.2010 01:49:42.363 GMT+0300	0.88613	0.88587	5.7	2.8
01.01.2010 01:49:47.462 GMT+0300	0.88613	0.88587	13.7	2.2
01.01.2010 01:50:27.262 GMT+0300	0.88628	0.88608	1	1.6
01.01.2010 01:50:30.661 GMT+0300	0.88625	0.88605	1	2.6
01.01.2010 01:50:31.346 GMT+0300	0.88627	0.88602	2.6	8.2
01.01.2010 01:50:37.590 GMT+0300	0.88626	0.88601	4.3	12.5
01.01.2010 01:50:38.320 GMT+0300	0.88622	0.88602	2.1	2
01.01.2010 01:50:38.430 GMT+0300	0.88621	0.88596	1.7	1
01.01.2010 01:50:38.609 GMT+0300	0.88617	0.88597	19.2	2.6
01.01.2010 01:50:43.243 GMT+0300	0.88616	0.88596	14	3.8
01.01.2010 01:50:49.812 GMT+0300	0.88616	0.88596	1	1.6
01.01.2010 01:50:49.915 GMT+0300	0.88616	0.88596	1.6	1
01.01.2010 01:50:50.206 GMT+0300	0.88617	0.88597	8.8	3.8
01.01.2010 01:50:50.436 GMT+0300	0.88619	0.88594	2.6	1
01.01.2010 01:50:50.776 GMT+0300	0.88616	0.88596	3.8	1.5
01.01.2010 01:50:51.016 GMT+0300	0.8862	0.88595	9.8	1
01.01.2010 01:50:51.136 GMT+0300	0.88619	0.88599	1.6	5.2
01.01.2010 01:50:51.426 GMT+0300	0.8862	0.886	2.6	3.8
01.01.2010 01:50:51.536 GMT+0300	0.88621	0.88601	1.6	4.5
01.01.2010 01:50:51.656 GMT+0300	0.88625	0.886	2.6	9.8
01.01.2010 01:50:52.046 GMT+0300	0.88624	0.88599	2.2	1.6
01.01.2010 01:50:52.746 GMT+0300	0.88624	0.88599	2.6	7.8
01.01.2010 01:50:53.076 GMT+0300	0.88625	0.886	1	3.2
01.01.2010 01:50:53.296 GMT+0300	0.88622	0.88602	2.6	17.6
01.01.2010 01:50:53.515 GMT+0300	0.88621	0.88601	3.6	2.4
01.01.2010 01:50:54.206 GMT+0300	0.88622	0.88597	1	2.4
01.01.2010 01:50:55.425 GMT+0300	0.88622	0.88597	9.3	8.4
01.01.2010 01:50:55.595 GMT+0300	0.88618	0.88598	1.6	2.2
01.01.2010 01:50:55.985 GMT+0300	0.88618	0.88598	15.1	2.4
01.01.2010 01:50:56.155 GMT+0300	0.88619	0.88599	1.6	1
01.01.2010 01:50:56.825 GMT+0300	0.88619	0.88599	1	2.4
01.01.2010 01:50:56.995 GMT+0300	0.88618	0.88598	15.3	2.6
01.01.2010 01:50:58.375 GMT+0300	0.88616	0.88596	1	1.6
01.01.2010 01:50:58.725 GMT+0300	0.88613	0.88593	7.3	3.8
01.01.2010 01:51:19.602 GMT+0300	0.8861	0.8859	1.2	1.6
01.01.2010 01:51:23.752 GMT+0300	0.8861	0.8859	5.4	4.2
01.01.2010 01:51:24.092 GMT+0300	0.8861	0.8859	6.1	1
01.01.2010 01:51:24.442 GMT+0300	0.8861	0.8859	3.8	3.4
01.01.2010 01:51:24.831 GMT+0300	0.8861	0.8859	17	3.8
01.01.2010 01:51:25.181 GMT+0300	0.88607	0.88593	2.6	1
01.01.2010 01:51:25.351 GMT+0300	0.88607	0.88593	10	1
01.01.2010 01:51:25.411 GMT+0300	0.8861	0.8859	2.6	6.8
01.01.2010 01:51:25.521 GMT+0300	0.88613	0.88587	1.6	4.6
01.01.2010 01:51:25.581 GMT+0300	0.88613	0.88587	1.6	1
01.01.2010 01:51:25.682 GMT+0300	0.88613	0.88587	1.6	1.1
01.01.2010 01:51:25.741 GMT+0300	0.88613	0.88587	15.3	1.6
01.01.2010 01:51:25.802 GMT+0300	0.8861	0.8859	15.2	2.6
01.01.2010 01:52:00.429 GMT+0300	0.88629	0.88609	11.1	2.6
01.01.2010 01:52:01.579 GMT+0300	0.88628	0.88608	1	1.8
01.01.2010 01:52:01.699 GMT+0300	0.88625	0.88605	1	1.6
01.01.2010 01:52:07.837 GMT+0300	0.88626	0.88601	1.8	1
01.01.2010 01:52:07.947 GMT+0300	0.88622	0.88602	1.2	2.2
01.01.2010 01:52:09.647 GMT+0300	0.88621	0.88601	3.8	2.6
01.01.2010 01:52:26.423 GMT+0300	0.88619	0.88599	1	1
01.01.2010 01:52:26.592 GMT+0300	0.8862	0.886	6.5	2.6
01.01.2010 01:52:26.812 GMT+0300	0.88619	0.88599	1	2.4
01.01.2010 01:52:27.093 GMT+0300	0.88619	0.88599	1	1.6
01.01.2010 01:52:29.451 GMT+0300	0.8862	0.886	1.6	3.8
01.01.2010 01:52:29.842 GMT+0300	0.88617	0.88597	2.6	1
01.01.2010 01:52:29.902 GMT+0300	0.88613	0.88593	2.6	3.8
01.01.2010 01:53:14.543 GMT+0300	0.88613	0.88587	4.1	2.4
01.01.2010 01:53:14.873 GMT+0300	0.8861	0.8859	6.8	6.2
01.01.2010 01:53:17.133 GMT+0300	0.88615	0.88585	3.7	1
01.01.2010 01:53:17.243 GMT+0300	0.88613	0.88587	6.1	4.6
01.01.2010 01:53:17.413 GMT+0300	0.8861	0.8859	1	3.6
01.01.2010 01:53:18.160 GMT+0300	0.88613	0.88587	1	1
01.01.2010 01:53:25.261 GMT+0300	0.8861	0.8859	1	1.6
01.01.2010 01:53:43.016 GMT+0300	0.8861	0.8859	1	1.6
01.01.2010 01:53:43.346 GMT+0300	0.8861	0.8859	14.9	2.2
01.01.2010 01:53:44.340 GMT+0300	0.88613	0.88587	3.8	5.1
01.01.2010 01:54:02.060 GMT+0300	0.88631	0.88605	3.8	2.6
01.01.2010 01:54:02.240 GMT+0300	0.88629	0.88604	1	5.7
01.01.2010 01:54:20.096 GMT+0300	0.88626	0.88601	9.3	3.9
01.01.2010 01:54:20.375 GMT+0300	0.88622	0.88602	5.7	2.8
01.01.2010 01:54:20.596 GMT+0300	0.88621	0.88601	2.9	1.6
01.01.2010 01:54:24.644 GMT+0300	0.88623	0.88598	1	1.6
01.01.2010 01:54:25.004 GMT+0300	0.88619	0.88599	1.6	8.4
01.01.2010 01:54:25.344 GMT+0300	0.88622	0.88597	1	1.6
01.01.2010 01:54:25.684 GMT+0300	0.88624	0.88599	2.6	1.6
01.01.2010 01:54:26.844 GMT+0300	0.88622	0.88602	4.2	3.8
01.01.2010 01:54:27.024 GMT+0300	0.88622	0.88602	11.8	2.6
01.01.2010 01:54:27.664 GMT+0300	0.88621	0.88601	1	2.6
01.01.2010 01:54:27.843 GMT+0300	0.88619	0.88599	1	2.6
01.01.2010 01:54:28.183 GMT+0300	0.88623	0.88598	2.6	13.3
01.01.2010 01:54:28.573 GMT+0300	0.88622	0.88602	6	1
01.01.2010 01:54:28.733 GMT+0300	0.88624	0.88599	1	1.6
01.01.2010 01:54:29.133 GMT+0300	0.88627	0.88602	2.6	5.1
01.01.2010 01:54:29.473 GMT+0300	0.88625	0.88605	1.3	2.4
01.01.2010 01:54:29.813 GMT+0300	0.88624	0.88604	1.6	2.2
01.01.2010 01:54:30.213 GMT+0300	0.88625	0.886	1.6	7
01.01.2010 01:54:30.513 GMT+0300	0.88624	0.88599	6	5
01.01.2010 01:54:30.903 GMT+0300	0.88619	0.88599	2.2	2.2
01.01.2010 01:54:33.292 GMT+0300	0.8862	0.88595	1	2.4
01.01.2010 01:54:33.582 GMT+0300	0.88619	0.88594	1	1.8
01.01.2010 01:54:33.702 GMT+0300	0.88616	0.88596	6.2	1
01.01.2010 01:54:40.810 GMT+0300	0.88619	0.88594	2.9	1
01.01.2010 01:54:41.100 GMT+0300	0.8862	0.88595	1.8	1
01.01.2010 01:54:41.201 GMT+0300	0.88621	0.88596	2.6	9.4
01.01.2010 01:54:41.950 GMT+0300	0.88621	0.88596	2.6	1
01.01.2010 01:54:42.130 GMT+0300	0.88623	0.88598	2.6	5.2
01.01.2010 01:54:42.510 GMT+0300	0.88622	0.88597	2	3.2
01.01.2010 01:54:42.680 GMT+0300	0.88619	0.88599	2.6	1
01.01.2010 01:54:42.900 GMT+0300	0.88618	0.88598	2.6	1
01.01.2010 01:54:43.440 GMT+0300	0.88616	0.88596	1	1
01.01.2010 01:54:45.340 GMT+0300	0.88616	0.8859	3.6	3.6
01.01.2010 01:55:58.908 GMT+0300	0.8862	0.88594	2.7	1
01.01.2010 01:55:59.258 GMT+0300	0.88626	0.886	4.2	7.8
01.01.2010 01:56:01.589 GMT+0300	0.88613	0.88587	1	2.6
01.01.2010 01:56:01.649 GMT+0300	0.88613	0.88587	2.6	5
01.01.2010 01:56:01.819 GMT+0300	0.88613	0.88587	2.4	1
01.01.2010 01:56:01.879 GMT+0300	0.8861	0.8859	11.8	1
01.01.2010 01:56:01.989 GMT+0300	0.88613	0.88587	11.8	3.8
01.01.2010 01:56:02.049 GMT+0300	0.8861	0.8859	6.1	3.8
01.01.2010 01:56:03.019 GMT+0300	0.8861	0.8859	3.8	10.6
01.01.2010 01:56:03.439 GMT+0300	0.88613	0.88587	1.6	4.4
01.01.2010 01:56:04.868 GMT+0300	0.88613	0.88587	7.3	8.6
01.01.2010 01:56:05.228 GMT+0300	0.8861	0.8859	1	2.4
01.01.2010 01:56:05.578 GMT+0300	0.8861	0.8859	1.6	1
01.01.2010 01:56:05.928 GMT+0300	0.88613	0.88587	2.6	3.8
01.01.2010 01:56:06.268 GMT+0300	0.88613	0.88587	2.6	14.6
01.01.2010 01:56:06.388 GMT+0300	0.88613	0.88587	6.1	2.4
01.01.2010 01:56:06.438 GMT+0300	0.88613	0.88587	1.8	4
01.01.2010 01:56:06.678 GMT+0300	0.88613	0.88587	1.6	4.5
01.01.2010 01:56:11.037 GMT+0300	0.88613	0.88587	15.2	3.8
01.01.2010 01:56:11.837 GMT+0300	0.88613	0.88587	11.3	3.8
01.01.2010 01:56:23.833 GMT+0300	0.88613	0.88587	2.6	1.6
01.01.2010 01:56:24.003 GMT+0300	0.88613	0.88587	1.8	2.3
01.01.2010 01:56:24.173 GMT+0300	0.8861	0.8859	1.6	7.4
01.01.2010 01:56:24.333 GMT+0300	0.8861	0.8859	2.2	1
01.01.2010 01:56:41.909 GMT+0300	0.88613	0.88587	15.2	3.8
01.01.2010 01:56:42.079 GMT+0300	0.88613	0.88587	2.4	1
01.01.2010 01:56:42.429 GMT+0300	0.8861	0.8859	1	1
01.01.2010 01:56:42.599 GMT+0300	0.88613	0.88587	1.6	1
01.01.2010 01:56:48.008 GMT+0300	0.88613	0.88587	1.6	1
01.01.2010 01:56:48.177 GMT+0300	0.88613	0.88587	10.5	7.8
01.01.2010 01:56:52.267 GMT+0300	0.88613	0.88587	1.2	2.2
01.01.2010 01:56:52.506 GMT+0300	0.88613	0.88587	8	1
01.01.2010 01:56:52.626 GMT+0300	0.88613	0.88587	12	2.6
01.01.2010 01:57:12.658 GMT+0300	0.88616	0.8859	6.6	3.8
01.01.2010 01:57:12.768 GMT+0300	0.88616	0.88596	15.2	2.6
01.01.2010 01:57:12.938 GMT+0300	0.88619	0.88594	1	3.2
01.01.2010 01:57:18.367 GMT+0300	0.8862	0.88595	1	2.4
01.01.2010 01:57:18.717 GMT+0300	0.8862	0.88595	9.3	1
01.01.2010 01:57:19.066 GMT+0300	0.88619	0.88599	6.6	3.8
01.01.2010 01:57:19.237 GMT+0300	0.88621	0.88601	2	1
01.01.2010 01:57:24.156 GMT+0300	0.88624	0.88599	4.6	1.6
01.01.2010 01:57:24.546 GMT+0300	0.88625	0.886	7.7	1
01.01.2010 01:57:46.151 GMT+0300	0.88622	0.88602	1	2.4
01.01.2010 01:57:47.580 GMT+0300	0.88623	0.88598	1	2.3
01.01.2010 01:57:47.750 GMT+0300	0.88622	0.88597	6	8.2
01.01.2010 01:57:47.870 GMT+0300	0.88621	0.88596	2	2
01.01.2010 01:57:47.980 GMT+0300	0.88618	0.88598	7.8	1
01.01.2010 01:57:48.140 GMT+0300	0.88619	0.88599	5.6	1.6
01.01.2010 01:57:48.310 GMT+0300	0.88621	0.88601	1.6	2.4
01.01.2010 01:57:49.100 GMT+0300	0.88621	0.88601	2.7	1
01.01.2010 01:57:50.359 GMT+0300	0.88622	0.88597	2.9	5.8
01.01.2010 01:57:50.759 GMT+0300	0.88621	0.88596	6.6	3.8
01.01.2010 01:57:53.589 GMT+0300	0.88621	0.88596	15.3	1.6
01.01.2010 01:57:54.548 GMT+0300	0.88623	0.88598	1.6	1
01.01.2010 01:57:54.888 GMT+0300	0.88624	0.88599	2.6	3.2
01.01.2010 01:57:55.058 GMT+0300	0.88621	0.88601	12.5	3.8
01.01.2010 01:57:57.687 GMT+0300	0.88621	0.88601	4.1	1
01.01.2010 01:57:57.797 GMT+0300	0.88624	0.88604	7.2	3.8
01.01.2010 01:57:57.907 GMT+0300	0.88627	0.88607	1.6	1
01.01.2010 01:58:08.561 GMT+0300	0.8862	0.88594	1.6	7
01.01.2010 01:58:11.491 GMT+0300	0.88617	0.88592	7.8	2.4
01.01.2010 01:58:14.310 GMT+0300	0.88617	0.88592	1	5.1
01.01.2010 01:58:14.430 GMT+0300	0.88617	0.88592	13.4	1
01.01.2010 01:58:33.145 GMT+0300	0.88618	0.88593	2	1
01.01.2010 01:58:33.255 GMT+0300	0.88618	0.88593	15	2.2
01.01.2010 01:58:33.845 GMT+0300	0.88617	0.88592	1.6	18.2
01.01.2010 01:58:35.285 GMT+0300	0.88617	0.88592	14	3.8
01.01.2010 01:58:36.335 GMT+0300	0.88617	0.88592	1	1.7
01.01.2010 01:58:36.684 GMT+0300	0.88616	0.88591	1.6	2.4
01.01.2010 01:58:36.914 GMT+0300	0.88614	0.88589	6.1	2.4
01.01.2010 01:58:37.334 GMT+0300	0.88614	0.88589	7.3	8.6
01.01.2010 01:58:37.504 GMT+0300	0.88616	0.88591	6	1.6
01.01.2010 01:58:42.733 GMT+0300	0.88617	0.88592	1.3	2.4
01.01.2010 01:58:42.793 GMT+0300	0.88616	0.88591	1.6	1
01.01.2010 01:58:42.853 GMT+0300	0.88615	0.8859	1.6	2.9
01.01.2010 01:58:43.143 GMT+0300	0.88612	0.88592	2.6	1
01.01.2010 01:58:43.263 GMT+0300	0.88612	0.88592	1	9.8
